3575 6725
3241 1496 3248 1503 ι

917 1727 1218 1770 ss
1401 1608 1965 1756 Peraguariae.
2645 1623 2794 1736 ἐξ
2803 1637 2845 1716 5

986 1802 996 1807 ”
1145 1759 1422 1937 ΕΣΑΡ.
1494 1822 1838 1929 XXII.
1985 1823 2074 1961 ᾧ.
2161 1859 2247 1949 3.

418 2019 493 2078 t.
562 1991 784 2084 Gens
803 1987 1163 2100 Europaei
1196 1983 1483 2072 colonis
1502 1985 1937 2098 detegitur.
2046 2009 2126 2068 2.
2193 1980 2496 2074 Patres
2526 1989 2965 2101 explorant

623 2106 1018 2223 incogniti
1017 2097 1295 2227 fluvii
1329 2103 1649 2188 accolas
1674 2128 1710 2184 .·
1771 2093 2411 2190 Innumerabilia·
2452 2133 2672 2221 grex
2714 2134 2964 2222 equo-

630 2255 823 2316 rum
857 2221 960 2335 ξς
987 2221 1306 2309 ovium.
1416 2243 1500 2330 3.
1564 2218 1969 2306 Comitum
1982 2220 2456 2334 aliquorum
2483 2250 2678 2312 nex.

416 2367 891 2636 Novem
908 2367 1088 2440 Anni
1113 2361 1484 2447 fluxerant,
1537 2388 1703 2460 quoa
1734 2367 1813 2437 Ρ.
1839 2362 2190 2440 Machomi
2217 2369 2288 2439 in
2313 2361 2543 2440 labore
2570 2365 2970 2464 Apostolico
3065 2382 3137 2438 Ι.

2880 1752 2973 1760 ἡ

714 2488 1157 2560 transegerat,
1196 2463 1356 2534 dum
1388 2460 1610 2536 altiori
1654 2462 1978 2558 potestate
2000 2487 2313 2537 avocatus
2336 2513 2359 2548 ,
2414 2471 2680 2539 Sotium
2716 2465 2827 2541 seu
2854 2473 2971 2541 Se-

709 2568 1058 2640 cretarium
1091 2585 1286 2659 agere
1317 2557 1509 2652 juffua
1538 2561 1631 2634 est
1662 2565 1754 2636 R.
1786 2567 1866 2635 Ρ.
1895 2563 2334 2637 provincialis
2377 2563 2655 2662 Josephi
2701 2569 2972 2663 Aquite-

417 2666 526 2742 uli
553 2663 842 2763 proinde
855 2660 1250 2761 subrogatus
1277 2659 1366 2733 est
1386 2663 1462 2733 in
1488 2662 1792 2734 Missione
1824 2665 1899 2732 P.
1916 2660 2229 2755 Joachim
2252 2662 2337 2735 de
2354 2671 2635 2762 Yegros.
2732 2672 2974 2764 Neque

418 2766 735 2839 tamenin
756 2762 967 2836 altero
981 2761 1111 2835 hoc
1131 2760 1391 2833 Officio
1411 2757 1752 2834 intermifit
1774 2761 1850 2834 P.
1872 2761 2226 2836 Machomi
2250 2786 2402 2837 cum
2425 2761 2576 2858 ipso
2600 2768 2689 2836 R.
2710 2771 2784 2838 Ρ.
2805 2771 2974 2840 Pro.

421 2862 696 2937 vinciali
733 2884 1085 2958 procurare
1130 2859 1322 2948 hujus
1369 2863 1574 2933 totius
1620 2862 1952 2956 Regionis
1994 2856 2299 2935 salutem.
2402 2867 2482 2935 In
2514 2862 2796 2936 eandem
2832 2889 2974 2941 rem

419 2961 789 3060 plurimum
804 2960 1092 3033 contulit
1111 2962 1365 3055 Regius
1384 2957 1814 3032 Gubernator
1841 2964 1932 3030 D.
1956 2957 2320 3054 Stephanus
2345 2959 2430 3034 de
2459 2967 2725 3035 Urizac.
2829 2970 2973 3037 An.

292 3223 299 3229 ,
418 3058 2521 3252 ¹:321&2:⁰:d33c2ss2353330—1-'33‘333222'3‘8322523tsszzfflz
2538 3061 2976 3256 ἑζὶζὲἓὶῑὶῗξὲ

418 3255 664 3330 fluvius
687 3302 712 3338 ,
754 3279 952 3353 quem
979 3278 1120 3328 tum
1139 3254 1410 3350 quidem
1438 3253 1904 3349 Pileomayum
1927 3254 2375 3331 crediderunt.
2480 3267 2554 3330 ln
2585 3265 2729 3350 ejus
2766 3257 2974 3334 litore

425 3354 578 3431 visae
602 3354 747 3430 sunt
789 3353 1020 3429 multae
1036 3380 1273 3453 genter
1294 3351 1517 3430 vultus
1540 3380 1680 3428 non
1719 3352 2015 3438 barbari,
2063 3352 2175 3429 sed
2214 3353 2648 3443 candidioris,
2701 3383 2773 3432 ut
2800 3359 2976 3435 adeo

420 3460 768 3552 Europaeia
805 3459 1292 3551 aequipararent
1315 3499 1341 3537 ,
1396 3453 1504 3527 vel
1538 3458 1738 3529 etiam
1756 3455 1918 3528 tales
1940 3452 2067 3526 effe
2091 3479 2424 3551 putarent.
2522 3463 2779 3556 Regius
2811 3485 2998 3557 ergo,

420 3554 852 3628 Gubernator
875 3551 943 3624 id
985 3552 1264 3626 Consilii
1289 3549 1617 3647 suscepit,
1667 3576 1740 3624 ut
1776 3554 2023 3624 cohors
2045 3554 2311 3625 suorum
2348 3556 2640 3631 militum
2667 3559 2978 3653 sequente

420 3661 627 3725 Anno
644 3651 804 3724 illuc
829 3654 1232 3732 mitteretur,
1286 3647 1693 3744 explicatius
1712 3647 1965 3723 flumen
1996 3648 2160 3722 illud
2175 3675 2328 3723 cum
2349 3656 2597 3727 accolit
2616 3653 2978 3732 detectura.

420 3752 603 3824 Huic
619 3751 813 3846 jungi
835 3746 1108 3822 volebat
1129 3748 1391 3845 aliquot
1419 3753 1641 3820 Patres
1666 3771 1755 3818 ex
1779 3748 2199 3822 Redustione
2218 3754 2288 3823 S.
2308 3751 2675 3849 Stephani,
2725 3760 2836 3851 qui
2865 3780 2978 3829 ve·

427 3848 531 3923 lut
551 3845 1250 3944 CastrenseaApostoli
1267 3848 1768 3921 comitarentur.
1843 3852 2083 3945 Neque
2107 3855 2186 3922 Ρ.
2208 3852 2646 3925 Provincialis
2670 3852 2841 3927 hanc
2857 3879 2981 3951 pe·

424 3954 741 4026 titionem
759 3947 1021 4029 abnuit,
1047 3971 1136 4019 ex
1161 3945 1277 4043 spe
1292 3945 1617 4043 augendae
1642 3952 1967 4039 majorem
1993 3953 2062 4023 in
2085 3948 2363 4030 modum
2389 3957 2550 4024 Divi
2560 3977 2664 4026 nae
2687 3954 2973 4031 Gloriae.

423 4055 629 4146 Igitur
661 4047 926 4142 aliquos
971 4047 1423 4121 Miffionarioa
1468 4050 1955 4121 Guaraniorum
1984 4051 2158 4122 circa
2195 4048 2398 4124 litora
2443 4058 2814 4149 Paraquarii
2855 4077 2975 4151 pet

423 4145 706 4218 fluvium
722 4145 1191 4240 Pilcomayum
1214 4193 1237 4227 ,
1275 4150 1673 4239 Paraquario
1696 4146 1760 4218 se
1779 4147 2220 4221 insinuantem
2240 4193 2263 4230 ,
2288 4150 2450 4238 juffit
2474 4150 2537 4221 se
2558 4157 2831 4259 jungere
2848 4155 2980 4227 mi.

418 4246 592 4319 litari
613 4244 708 4318 illi
730 4243 992 4318 cohorti
1014 4291 1035 4326 ,
1091 4244 1274 4316 nulla
1295 4248 1545 4315 viarum
1571 4251 1757 4319 mora
1782 4247 1978 4320 facta.
2081 4246 2360 4342 Duplex
2378 4252 2520 4337 ejus
2545 4249 2799 4325 contilii
2821 4277 2980 4325 cau.

417 4342 487 4419 sa
505 4344 632 4418 fuit
650 4393 674 4429 ,
722 4348 939 4445 prima
953 4343 1221 4438 quidem
1239 4387 1265 4425 ,
1301 4367 1373 4415 ut
1392 4340 1652 4417 detesto
1671 4341 1806 4416 hoc
1833 4340 2110 4417 flumine
2142 4348 2211 4419 in
2237 4347 2617 4442 Regionem
2650 4346 2759 4421 del
2794 4350 2977 4423 Cha-

421 4470 509 4517 co
529 4450 632 4517 via
657 4446 1013 4540 aperiretur
1034 4442 1182 4515 luce
1209 4440 1614 4540 Evangelica
1635 4441 2115 4521 illustrandam.
2217 4444 2439 4518 Altera
2464 4446 2586 4520 fuit
2611 4447 2799 4521 causa
2826 4496 2849 4531 ,
2899 4474 2988 4544 ut„

421 4543 686 4617 brevior
711 4544 796 4626 (d
828 4544 1188 4640 Chiquitos
1210 4544 1423 4618 aditus
1447 4542 1905 4641 exploraretur
1930 4593 1955 4632 ,
1997 4543 2251 4621 tamdiu
2276 4542 2584 4642 quaefitus
2606 4595 2632 4632 ,
2679 4548 2978 4625 necdum

417 4667 767 4726 inventus·

569 4739 674 4813 Ad
693 4735 767 4812 id
782 4741 1041 4836 negotii
1061 4739 1410 4813 destinavit
1433 4745 1513 4813 Ρ.
1545 4739 1980 4816 Provincialis
2002 4749 2077 4817 Ρ.
2101 4746 2482 4821 Gabrielem
2503 4749 2788 4820 Patiuno
2811 4794 2835 4827 ,
2888 4753 2966 4835 ὃς
3044 4763 3121 4821 2·

421 4845 499 4915 P.
531 4839 785 4914 Lucam
826 4839 1218 4936 Rodriquez
1240 4881 1265 4922 ,
1317 4840 1429 4935 qui
1465 4837 1673 4910 ambo
1692 4843 1759 4912 in
1784 4841 1945 4914 urbe
1969 4838 2443 4946 Affumptionia
2482 4851 2616 4919 nati
2645 4894 2665 4927 ,
2718 4853 2792 4923 ὃ(
2819 4871 2963 4923 tum

419 4944 740 5033 temporie
771 4944 839 5012 in
869 4941 1356 5012 Guaraniorum
1377 4935 1685 5010 Misfione
1706 4936 2148 5015 versabantur.
2247 4948 2374 5017 His
2400 4944 2710 5036 adjunxit
2727 4973 2811 5020 ex
2838 4953 2959 5021 Pa.

416 5038 808 5135 raquarienst
829 5035 1151 5136 Collegio
1177 5043 1466 5111 Fratrem
1488 5033 2064 5114 Bartholomaeum
2085 5040 2169 5114 de
2188 5037 2462 5126 Niebla,
2487 5052 2561 5121 δε
2582 5071 2784 5120 uuum
2809 5055 2961 5120 Do.

411 5162 645 5211 natum
701 5137 824 5234 (ut
852 5164 1124 5219 vocant,
1160 5135 1190 5233 )
1249 5134 1624 5211 Faustinum
1668 5142 1921 5212 Correa
1963 5145 2243 5217 nomine
2281 5171 2433 5219 cum
2457 5147 2714 5245 aliquot
2751 5148 2960 5234 ludis,

366 5305 370 5309 .
419 5245 644 5310 Patres
682 5238 992 5313 advertite
1024 5243 1161 5315 vim
1187 5225 1629 5316 Barbaromm
1651 5237 2066 5321 defensuros.
2113 5269 2121 5277 ·
2161 5247 2272 5319 Ex
2305 5248 2608 5321 Miffione
2634 5256 2977 5322 Zamuco.

417 5358 570 5413 m
607 5333 805 5418 asciti
822 5362 1013 5448 erant
1036 5345 1115 5425 P,
1137 5337 1496 5441 Philippus
1534 5342 1942 5519 smmi-³1&
1978 5351 2059 5425 Ρ.
2078 5346 2484 5444 Augustinu-
2522 5344 2977 5511 Castannggaa.

832 5451 847 5498 l
2865 5449 2931 5510 ‘x
