3575 6725
120 1418 223 1493 ’ᾈέζῆ

245 1524 272 1547 ’“
317 1548 400 1627 128
788 1524 1001 1659 Mffiones

257 1685 413 1757 eruebat
431 1682 487 1755 ille
507 1679 884 1779 nontrihilChiquiticae
911 1682 1054 1777 lingua:
1080 1706 1149 1755 erar
1167 1706 1348 1781 ptaetetea,
1372 1710 1535 1781 quantum

259 1788 295 1857 in
309 1780 492 1854 Barbatum
504 1782 621 1855 cadere
633 1780 765 1879 potest,
793 1782 874 1855 boni
885 1785 1037 1879 ingenii,
1064 1781 1155 1879 quod
1167 1784 1272 1879 patuit
1289 1806 1333 1852 ex
1354 1808 1415 1867 eo,
1441 1787 1535 1882 qnod

257 1880 635 1957 sactaaCitrissianotum
656 1885 1016 1961 ceremoniasimirati,
1044 1888 1080 1955 d<
1094 1885 1282 1976 uariaspiaa
1296 1905 1427 1977 preces,
1454 1911 1538 1981 quaa

257 1981 406 2055 audierat
426 2025 438 2064 ,
463 1979 718 2054 recitarescitet.
769 1986 847 2053 Hoc
865 1977 988 2075 l'aepiita
1008 1981 1238 2053 animadverso
1249 1986 1284 2054 P.
1296 1988 1402 2055 Lucra
1422 1989 1542 2076 conje-

258 2086 384 2155 (iuram
397 2080 477 2153 fecit
487 2127 499 2163 ,
525 2080 612 2152 forti
622 2104 786 2174 repertum
800 2084 838 2151 iri
859 2082 894 2150 in
911 2103 982 2150 tora
999 2080 1125 2176 reliqua
1139 2084 1394 2153 Manacicotum
1414 2106 1515 2179 gente
1525 2129 1540 2166 ,

258 2179 348 2277 quod
367 2182 402 2251 in
423 2179 488 2251 hoc
509 2183 772 2251 unoManacico
786 2175 1059 2272 deprehenderat.
1111 2183 1219 2274 Igitur
1237 2180 1415 2273 confestim
1430 2180 1542 2261 statuit

260 2281 403 2378 arripere
413 2282 589 2379 negotium
598 2276 677 2353 illor
686 2277 730 2350 ad
739 2276 905 2351 clniuum
916 2275 1146 2353 transferendi.

519 2538 993 2675 CAPUT
1076 2539 1252 2673 XII.

255 2744 324 2879 Ρ.
347 2738 672 2872 Cavallero
706 2728 1121 2917 proficiscitur
1144 2739 1225 2870 ad
1255 2738 1540 2872 Mannei-

362 2946 465 3023 cos.
537 2911 692 3036 Indi,
728 2945 909 3019 necem
934 2914 1089 3021 Patris
1109 2912 1433 3030 meditamen
1546 2910 1579 3001 '.

774 3077 1029 3173 pumuntur.

819 3259 872 3396 o.
909 3260 943 3361 r.

259 3491 299 3560 ι.
334 3461 428 3554 Tres
450 3458 587 3578 populi
616 3453 820 3583 adfidem
831 3458 953 3572 proni
973 3485 991 3543 .·
1021 3455 1216 3573 'infantes
1234 3446 1562 3569 baptizantur:-

374 3576 655 3671 morzano
669 3567 810 3664 morbo
813 3569 1025 3696 sternitur
1034 3603 1051 3659 .·
1078 3588 1182 3661 voto
1196 3572 1322 3687 faido
1335 3575 1538 3660 convale-

356 3703 452 3816 scit.
521 3724 561 3782 2.
605 3687 776 3810 Frustra
793 3701 1011 3799 terretur,
1049 3721 1101 3777 ne
1125 3688 1368 3779 Manacicos
1383 3691 1539 3779 adiret.

365 3847 408 3929 3.
437 3815 585 3903 Patria
592 3810 923 3932 magnanimitas
930 3813 1097 3896 animat
1104 3809 1308 3895 Puraxes.
1538 3799 1546 3822 '

463 4258 963 4358 terioraarnpliinrecelsetunt.
1018 4259 1545 4361 Zuriquiutautemhujuaipfiue

215 4076 227 4101 ⁰
260 4019 567 4458 Putares
580 4060 763 4135 admodum
776 4061 867 4144 lteri,
893 4060 985 4159 quid
999 4060 1237 4158 sceleratueiiie
1251 4066 1542 4162 Europeeurdpou'

461 4165 570 4239 stolici
589 4159 874 4237 Vitianimosrrate
893 4163 1061 4259 perculsus
1078 4162 1282 4259 aufugiiiet‚
1308 4167 1342 4234 in
1365 4162 1465 4258 sylvae
1485 4168 1542 4237 in·

462 4363 790 4462 gentisiJCaciquiue
825 4362 967 4457 rogabat
1013 4370 1176 4443 Patrem,
1204 4386 1271 4444 ut,
1304 4367 1343 4437 δι
1389 4361 1543 4459 populoe

257 4459 430 4558 Atupotis
472 4461 528 4535 fibi
570 4459 765 4532 conciliaret
797 4485 806 4529 ε
858 4473 930 4532 Nos
971 4460 1073 4544 reri,
1112 4458 1283 4558 inquiebat
1322 4465 1535 4558 Turiquiua.

259 4567 324 4638 iiior
357 4555 441 4659 priris
476 4568 577 4635 amicir
626 4557 720 4632 veria
760 4565 997 4640 convenientur,
1038 4580 1073 4631 ut
1104 4557 1245 4633 benevoli
1278 4581 1309 4633 te
1343 4560 1510 4659 suscipiunt
1530 4589 1544 4644 ‚¹

80 4705 96 4738 ι
193 4693 196 4698 ·
259 4661 299 4738 d·
322 4661 462 4735 audiant.
537 4671 608 4735 Nor
641 4672 810 4741 Puram,
856 4656 896 4730 (r
938 4656 1072 4731 ruham
1106 4685 1174 4731 curn
1220 4665 1271 4732 iiiii
1304 4668 1540 4752 conjungemur,

259 4764 424 4854 consentiri
425 4762 515 4862 fimui
521 4784 613 4832 unam
626 4764 793 4838 colonium,
817 4765 866 4830 tui
875 4779 911 4828 ru
923 4757 1090 4831 dodrinam
1101 4756 1545 4857 &baptismamronferrepm

259 4872 339 4934 reric.
394 4869 508 4943 Pater,
534 4859 586 4932 tui
601 4856 926 4956 nihilmagiseratin
941 4864 1045 4940 votis,
1070 4859 1436 4956 ingentiardoreaitus,
1451 4879 1542 4932 mox

258 4962 322 5032 iter
343 4958 508 5057 arripuit,'
530 4965 567 5035 δι
585 4962 669 5030 intra
687 4982 812 5053 paucos
831 4958 903 5029 dies
925 4958 968 5029 ed
987 4957 1117 5031 delatus
1136 5004 1148 5039 ,
1171 4957 1293 5052 repetit
1307 4975 1446 5050 gentem
1468 4979 1544 5030 tatu

259 5058 454 5157 pronamad
466 5058 691 5151 recipiendam
703 5056 823 5126 Christi
837 5053 971 5152 legem,
1001 5081 1036 5129 ur
1050 5081 1118 5128 uno
1135 5058 1188 5126 die
1207 5057 1375 5148 octoginta
1392 5055 1541 5130 itrfantea

259 5155 350 5231 sacro
365 5155 459 5227 fonte
467 5153 624 5225 ablueret.
678 5160 791 5223 Paretn
819 5153 977 5247 baptismi
994 5160 1135 5254 gratiam
1155 5177 1224 5223 non
1245 5152 1422 5226 obtinuite
1441 5151 1538 5226 adut.-

258 5262 380 5346 tinter,
407 5258 486 5332 cunr
494 5255 703 5355 experientia
723 5250 989 5341 satia-docuerit,
1012 5254 1139 5330 cautiiu
1159 5277 1238 5329 cum
1257 5252 1326 5331 istit
1348 5250 1418 5428 eiipl
1430 5275 1541 5346 agen.

1418 5374 1490 5429 um·
