3575 6725
137 993 1648 1331 u

553 1324 558 1337 Ι

342 1564 392 1633 η
791 1530 1068 1684 Mtffio-ness
1080 1592 1247 1689 4-

285 1662 829 1687 Μ-*Ι--ηω-

287 1722 380 1772 tanta
392 1696 554 1775 honorir,
581 1697 724 1772 antorir,
751 1697 966 1790 &aequitatis
990 1691 1190 1792 fignificatio
1217 1670 1561 1788 inffitffit

286 1794 510 1879 conlidentiin
538 1814 613 1863 cunt
639 1792 869 1865 Gubernatore
886 1816 1056 1886 agerent,
1088 1794 1206 1892 illique
1239 1800 1331 1872 suunt
1348 1802 1559 1897 proposrtunt

285 1894 438 1993 pluribus
453 1892 623 1987 aperirent
645 1888 859 1962 convertendi
878 1894 1036 1963 nimirum
1053 1890 1275 1989 Chiriquanor
1295 1944 1307 1979 ,
1338 1900 1459 1975 additia
1489 1902 1559 1976 unl

286 1991 457 2090 precibus,
482 1986 575 2060 suurn
596 2011 633 2060 ut
650 1984 835 2085 praefidiurn
862 2013 932 2059 non
955 2012 1113 2087 negaret,
1140 1988 1253 2091 liquit
1276 1995 1409 2071 obicem
1432 2022 1558 2094 ponere

287 2116 383 2163 tanto
405 2093 497 2186 operi
519 2084 738 2182 praesurneret.
790 2092 835 2158 At
849 2088 929 2159 vetd
946 2088 1183 2181 expeniffimue
1208 2094 1376 2167 Dominus
1393 2095 1558 2192 reposuit,

288 2188 381 2269 iore,
406 2192 487 2262 utin
497 2184 563 2257 hoc
571 2181 743 2281 proposito
754 2191 938 2282 tempor&
950 2184 1096 2259 laborent
1112 2188 1287 2283 perderent
1305 2214 1325 2261 a
1351 2194 1394 2266 ud
1413 2194 1561 2267 obstina·

287 2312 338 2360 tar
360 2284 436 2359 illae
457 2308 598 2383 genter,
623 2306 705 2379 quet
722 2280 887 2365 nossent,
914 2282 1001 2356 nihil
1024 2283 1115 2359 aliud
1130 2288 1264 2360 tandem
1286 2216 1419 2363 relamn
1442 2314 1562 2387 pretet

288 2383 433 2478 probra,
458 2381 702 2463 contumeliae,
730 2389 993 2481 &omne'genua
1013 2383 1189 2460 malorum.
1241 2386 1449 2461 Recolerent
1485 2391 1560 2463 ani·

287 2510 367 2565 nto,
392 2482 470 2581 quid
491 2482 611 2553 sadum
627 2486 666 2551 P.
682 2484 832 2554 Martino
851 2480 892 2553 de
904 2486 1059 2577 Campo,
1078 2482 1216 2556 iitenuo
1232 2488 1398 2580 Operatio
1420 2509 1464 2557 ex
1474 2492 1558 2559 Pto·

288 2585 398 2654 vincia
415 2590 571 2653 Peruana.
624 2582 764 2676 Qtippe
784 2581 840 2677 qui
862 2585 1032 2652 traneastis
1056 2583 1142 2654 inter
1166 2581 1418 2656 illotBatbaroe
1433 2582 1560 2679 aliquot

288 2679 545 2753 mettfibuecitta
557 2702 694 2749 omnem
713 2698 823 2748 tamen
846 2677 1013 2758 frustum,
1038 2677 1113 2750 satis
1132 2702 1288 2774 expertus
1307 2678 1385 2753 ellet
1405 2682 1561 2755 duritiem

288 2803 426 2857 eorum,
456 2776 769 2855 &contumatiam
794 2780 927 2847 toruus
936 2774 1070 2849 tandem
1082 2776 1270 2850 alidzeiutn
1284 2776 1378 2850 suunt
1400 2779 1560 2851 trantfer·

286 2902 321 2948 re
331 2876 386 2971 spe
394 2872 543 2948 melioria
554 2872 720 2946 sententie.
743 2879 966 2971 ¹Sequerentur
976 2876 1073 2967 proin
1085 2878 1198 2970 potiiu
1207 2874 1450 2975 exemplumi’.
1464 2886 1562 2949 Mara

287 2980 369 3057 tini,
396 2972 579 3070 &perinde
592 2968 816 3046 acilicinae
841 2967 1042 3045 suaeonsrlia
1061 2970 1229 3046 {letteren
1254 2974 1295 3047 ad
1318 2974 1416 3046 aliam
1430 2978 1558 3071 Regio·

285 3099 385 3157 nent,
411 3072 469 3145 ubi
493 3075 602 3144 minus
624 3068 785 3166 periculi,
809 3075 847 3145 dc
873 3069 948 3167 plut
973 3069 1041 3166 spei
1064 3071 1254 3147 adducendi
1276 3071 1410 3146 Christo
1431 3075 1558 3147 anina·
1587 3100 1589 3105 ·

284 3172 387 3253 aliar,
415 3165 781 3245 multonumerostoree.
831 3168 1012 3265 Atquehoc
1022 3169 1157 3266 quidem
1176 3192 1245 3243 erat
1269 3166 1442 3243 confilium
1458 3173 1551 3265 opti·

285 3276 331 3343 ani
344 3268 613 3347 Gubernatorir‚
640 3265 732 3361 quod
746 3262 1152 3360 persuadereestconatut.
1204 3266 1553 3364 Opportuniinterirn

284 3367 382 3442 subiit
392 3369 580 3466 cogitatio,
608 3362 928 3460 Chiquitoelndoe,
952 3362 994 3436 ab
1009 3365 1100 3438 urbe
1114 3372 1149 3441 S.
1158 3369 1274 3437 Crucis
1286 3389 1357 3437 non
1367 3365 1553 3439 admodum

283 3492 453 3550 remoror,
478 3461 668 3562 nuperrime
693 3485 811 3558 pacem
831 3458 971 3536 sanxisse
993 3486 1071 3534 cum
1091 3461 1273 3560 Hispania,
1299 3463 1430 3560 unlque
1448 3465 1554 3563 Legit

284 3565 479 3642 Christianae
497 3569 669 3639 Dodoree
682 3555 865 3657 expetiille.
926 3561 1052 3633 Verium
1073 3559 1193 3634 hontnt
1210 3558 1377 3636 defideriie
1397 3558 1556 3636 velificari

284 3691 357 3740 tunt
380 3691 449 3739 non
466 3661 679 3762 permittebat
696 3663 843 3757 paucitae
864 3664 1000 3732 Patrum
1026 3665 1182 3734 Peruanae
1200 3664 1411 3742 Provineiae,
1437 3662 1476 3732 in
1491 3683 1556 3755 qua

285 3764 376 3838 Urbe
396 3771 429 3840 S.
444 3767 563 3838 Crutie
583 3757 707 3834 litaell.
759 3757 832 3832 illie
850 3761 942 3830 enim
961 3757 1008 3831 sat
1024 3757 1148 3832 laboris
1167 3765 1204 3833 δι
1227 3763 1358 3853 negotii
1380 3781 1450 3829 erat
1464 3754 1555 3849 epud

286 3871 428 3939 Moxoe.
480 3868 595 3954 itaque
609 3857 825 3926 Gubernator
835 3855 898 3922 boe
906 3851 1090 3929 latilsrmor,
1118 3853 1204 3920 melli
1219 3858 1288 3939 jam
1303 3873 1448 3928 maturos
1466 3847 1554 3922 offe-

283 3959 509 4053 rebatagror,
534 3953 590 4023 ubi
599 3951 675 4020 zelo
690 3956 822 4018 Parrum
831 3945 983 4014 defutura
1004 3967 1074 4015 non
1094 3942 1172 4017 eiset
1191 3941 1321 4018 octasto
1336 3943 1488 4027 strenui,
1514 3951 1554 4022 dc

283 4045 705 4130 multifariamlaborandi:
731 4041 787 4115 ubi
801 4039 1024 4138 magnitudini
1037 4040 1159 4115 laborir
1177 4041 1287 4114 ntulto
1304 4046 1411 4136 major
1432 4043 1553 4119 fructu

283 4151 496 4251 responderet
520 4195 531 4229 ,
556 4144 672 4216 sudore
692 4139 825 4238 optime
838 4138 952 4211 locato
974 4137 1129 4213 sementis
1145 4139 1242 4223 loco,
1267 4142 1356 4213 unde
1377 4139 1553 4236 pullularet

285 4255 499 4352 plurimarum
513 4245 804 4318 salutanitnarum.
855 4240 1016 4336 utigitur
1034 4242 1075 4311 ed
1096 4241 1235 4336 prortilte
1251 4243 1283 4312 in
1307 4237 1396 4311 suam
1417 4237 1552 4311 senten·

284 4351 514 4428 tiamtralreret
525 4349 657 4417 animoa
667 4346 818 4419 Parrum,
844 4335 895 4406 hie
907 4361 945 4408 ea
956 4336 1050 4435 super
1068 4343 1258 4434 regeminae
1278 4337 1385 4409 literas
1401 4336 1553 4412 serendae

139 4477 142 4482 ’
285 4452 377 4523 dedit
400 4496 410 4530 ,
438 4471 520 4520 unat
537 4441 672 4538 quidem
696 4438 737 4511 ad
756 4444 791 4508 P.
805 4431 977 4506 Praesident
1002 4440 1190 4532 Provinciae
1198 4479 1210 4520 ,
1234 4436 1351 4508 alterat
1372 4434 1413 4508 ad
1426 4435 1554 4509 Admo-

284 4551 365 4622 dum
384 4553 467 4618 Rev.
489 4550 526 4617 Ρ.
542 4533 753 4635 Praeposrtum
774 4532 973 4606 Generalem
983 4531 1151 4630 Thyrsum
1163 4534 1360 4616 Gonzalez,
1386 4557 1462 4605 curn
1484 4558 1553 4630 quo

151 4635 154 4640 ¹
285 4654 352 4741 iarn
369 4645 456 4720 olim
478 4645 513 4715 in
535 4635 695 4733 Hispania
713 4631 1061 4706 intimaGubernatori
1083 4655 1151 4705 eret
1174 4637 1332 4705 amicitia.
1358 4713 1361 4718 1
1384 4630 1555 4704 Natabant

284 4741 600 4821 hisitttelleilisViri
628 4732 813 4832 apostolici
836 4755 905 4826 prae
926 4731 1069 4828 gaudio,
1101 4731 1179 4802 cltm
1199 4731 1427 4808 adverterent,
1452 4728 1553 4799 alium

283 4843 341 4919 sibi
358 4847 374 4916 l
393 4852 470 4914 Deo
484 4861 598 4935 agrum
610 4834 673 4906 esie
682 4854 831 4932 apertum
846 4828 886 4900 ad
898 4829 1102 4902 dilatandam
1117 4829 1263 4915 eiusdem
1281 4827 1439 4922 gloriam.
1486 4829 1553 4894 lta-

284 4969 346 5040 que
359 4941 407 5014 illi
421 4989 432 5021 ,
459 4937 551 5032 fiper
561 4934 638 5009 illos
650 4931 745 5005 staret
759 4977 769 5010 ‚
796 4953 934 4999 omnem
947 4926 1215 5023 offerteopertm
1227 4923 1278 4994 vel
1293 4918 1554 5030 cuntdispendio

281 5048 374 5114 vitae.
428 5039 645 5109 Priitrtarnen
660 5022 872 5102 necessarium
884 5021 948 5095 elle
960 5025 1192 5104 infinuabant,
1215 5045 1250 5094 ut
1266 5023 1391 5091 conlcii
1416 5022 1484 5108 ejus
1507 5021 1553 5091 rei

279 5138 393 5215 sterent
409 5135 622 5230 Superiora,
644 5125 795 5201 suonutu
803 5122 838 5197 id
847 5121 1084 5200 confirmaturi.
1132 5123 1211 5194 Hoc
1220 5116 1360 5193 obtento
1371 5116 1402 5189 se
1410 5117 1554 5190 tend&

1425 5237 1504 5312 pto·
