3575 6725
272 1570 415 1702 ..nr
437 1556 1549 1709 ..............ιι............,.........

272 1718 415 1788 Nemini
430 1714 489 1785 ulli
501 1716 630 1786 licitum
640 1716 682 1787 est
691 1742 908 1813 praeterquam
923 1742 1022 1812 popae
1036 1718 1190 1813 Maponu
1213 1716 1324 1789 videre
1336 1722 1449 1789 Sansla
1460 1724 1547 1789 San·

274 1818 418 1893 ssorum,
444 1812 622 1908 utquidem
632 1813 689 1910 ipsi
700 1841 834 1888 vocant.
885 1811 1155 1887 illelactificulus
1176 1814 1221 1887 en
1242 1818 1364 1887 intrirae
1386 1839 1429 1885 ex
1449 1822 1545 1885 Orco

274 1909 413 1983 maliriae
427 1935 590 2013 nequam,
618 1918 710 1989 &ex
723 1939 791 1986 arte
804 1910 980 1988 veneficus.
1034 1914 1308 2006 Qddliminorit
1325 1912 1544 2011 experientia

274 2004 1154 2205 litii,Eli³i²¹liii⁰l¹iiil¹iili{5¹⁶lili
1162 2007 1546 2205 ’.iiiilllt‘pssilli

409 2148 413 2155 ’
973 2153 984 2190 2

273 2227 385 2279 morte
404 2204 587 2285 luendam,
616 2204 675 2279 nist
699 2207 816 2282 otuloa
833 2205 908 2280 suos
927 2206 1082 2281 infrenet.
1143 2214 1238 2281 [lurra
1255 2212 1372 2280 unicur
1391 2210 1546 2304 Mapono

273 2302 476 2409 gratilvaler
496 2304 584 2397 apud
596 2302 658 2377 lior
669 2311 782 2391 Deoa,
808 2310 943 2381 &miris
959 2304 1132 2405 praelligiie
1147 2303 1299 2379 excellit.

229 2462 241 2487 ,
348 2406 433 2476 Non
443 2401 621 2500 estpagns,
646 2408 779 2477 cuinun
813 2402 1084 2478 rovisumfituno
1104 2403 1286 2479 minimitm
1302 2395 1547 2497 hujuegenerie

274 2498 516 2605 praestigiatore
527 2547 539 2583 ,
565 2430 856 2599 qninquibustlam
868 2506 952 2577 vitia
966 2504 1032 2575 duo
1043 2500 1096 2577 vel
1104 2527 1169 2581 trer
1187 2500 1268 2576 sunt
1287 2499 1370 2574 tales
1389 2494 1548 2589 venefici.

274 2599 381 2673 Porro
390 2598 500 2671 aulam
511 2604 666 2695 Marpono
678 2606 797 2686 intrat,
822 2599 879 2676 ubi
890 2606 951 2676 Dii
961 2599 1009 2676 sui
1019 2600 1222 2677 audientiam
1243 2595 1303 2697 ips
1322 2597 1470 2679 feriunt,
1494 2596 1547 2669 vi·

165 2768 170 2777 ,
274 2698 376 2771 cissam
396 2720 506 2769 autem
525 2698 594 2791 ipse
607 2696 782 2774 confident
806 2696 945 2773 allatum
967 2703 1077 2795 petit,
1099 2696 1154 2775 sua
1172 2696 1275 2772 dubia
1288 2696 1468 2793 proponit,
1492 2714 1548 2769 re·

273 2790 394 2891 sponsa
415 2797 566 2890 accipit,
599 2798 636 2872 δι
654 2800 890 2893 praedislionee
904 2796 1111 2872 daemonum.
1170 2799 1225 2872 Fit
1244 2795 1471 2894 quandoque,
1507 2814 1546 2865 ut

275 2890 448 2965 universus
456 2893 600 2989 populna
610 2898 723 2970 aaudiat
735 2896 801 2972 hoc
811 2896 1021 2995 alloquium,
1043 2898 1120 2970 clrm
1134 2893 1272 2970 elatiore
1291 2917 1375 2967 voce
1392 2912 1546 2965 uruntur·

275 2992 527 3090 Dumpopulne
540 3016 628 3068 torua
641 2996 833 3092 quanturest
852 3002 887 3072 in
906 2993 1078 3080 saltando,
1104 2990 1340 3077 comessando,
1353 2990 1545 3065 vociferan-

159 3098 165 3109 '
275 3088 346 3174 ‘loa
371 3092 704 3193 piogrediturpopa,
731 3120 830 3194 atque
842 3102 994 3169 Deorum
1016 3093 1150 3171 oracula
1170 3098 1411 3171 communicat.
1460 3090 1544 3161 Sunt

276 3194 388 3263 sutem
400 3190 594 3285 plerumque
604 3215 673 3262 non
685 3192 746 3265 nifi
757 3192 935 3291 prospera,
961 3192 1155 3272 fortunata,
1181 3199 1219 3268 δι
1256 3183 1545 3284 lacentiatespom

275 3284 333 3368 sa,
358 3311 459 3383 puta,
485 3287 526 3357 de
537 3286 705 3385 frugiferis
720 3292 845 3384 pluviir
853 3337 866 3373 ,
893 3286 1187 3378 deopimamell'e,
1239 3284 1545 3382 eauspitatavena·

274 3389 369 3458 tione
381 3383 575 3480 &piscatu,
601 3386 835 3482 quamviehaet
849 3385 949 3461 effata
967 3387 1036 3460 seri
1055 3384 1183 3483 semper
1198 3383 1261 3460 finr
1283 3381 1482 3464 mendacia,
1506 3405 1546 3456 ur

272 3479 395 3578 eclipsi
410 3485 481 3554 indi
503 3483 577 3556 haec
587 3489 737 3558 Deorum
749 3485 903 3582 responsa
921 3485 1068 3568 rideant,
1096 3491 1134 3562 dc
1156 3509 1235 3557 tum
1254 3481 1424 3557 cachinno
1443 3499 1547 3574 repo·

276 3606 380 3656 nant:
405 3582 811 3682 Diinofirideneparisunt.
861 3581 1275 3659 Haecverbasrinaudierit
1291 3602 1403 3679 popae
1427 3576 1544 3674 stYsslt

275 3681 378 3758 inslar
400 3681 493 3754 suriae
515 3679 643 3780 profilit
663 3683 896 3782 inexplicabili
919 3682 1009 3758 rabie
1026 3705 1215 3758 externatue
1227 3729 1238 3764 ,
1264 3682 1433 3754 minitatur
1451 3677 1543 3750 toni·

275 3805 374 3859 true,
401 3779 550 3878 fulgura,
576 3781 738 3865 fulmina,
772 3783 980 3880 grandines,
1006 3781 1129 3876 pestes,
1156 3787 1310 3856 &omne
1331 3775 1479 3858 malum,
1502 3794 1542 3846 ee

276 3876 1128 3971 eumdemumpostlrarminaasubitdcoutitestunt.
1177 3876 1310 3949 Accidit
1331 3896 1399 3946 nun
1420 3869 1543 3957 semel,

276 3999 315 4056 ut
323 3974 476 4046 diabolus
488 3973 655 4047 inciterad
667 3974 870 4049 infestandos
878 3979 1007 4048 vicinos
1021 3973 1170 4072 populos
1184 4022 1194 4058 ,
1220 3973 1262 4048 ad
1278 3968 1542 4069 hurpellendoe,

277 4079 317 4150 &
332 4071 544 4170 expilandos.
594 4071 697 4146 Unde
715 4073 991 4160 continuabclla,
1019 4083 1054 4150 δι
1067 4098 1189 4147 mutuae
1200 4075 1385 4147 inimicitiae
1396 4073 1482 4144 inter
1498 4067 1541 4144 il·

275 4170 563 4246 lorexardescunt.
613 4178 697 4246 Sunt
708 4172 835 4271 aliqui,
862 4173 916 4245 sed
935 4176 1052 4268 pauci,
1078 4171 1160 4248 licet
1177 4172 1244 4246 alio
1269 4175 1327 4245 uin
1351 4167 1542 4268 simpliter,
1562 4229 1565 4234 .

278 4271 643 4354 &barbarihominee,
669 4195 1301 4380 quidolos&sallaeiatdiaboli3proli
1317 4266 1543 4367 perspiciunt,

277 4375 392 4468 potior
403 4395 513 4444 tamen
524 4369 733 4464 paracredit,
758 4371 830 4444 lraec
840 4375 1040 4445 omniaon'ri
1051 4394 1095 4444 ex
1106 4392 1199 4443 nrero
1211 4393 1344 4452 amore,
1357 4373 1393 4444 δι
1408 4365 1544 4442 suorum

276 4473 468 4544 Nominum
477 4465 686 4539 solicitudine
696 4491 775 4564 erga
788 4467 901 4566 ipsos,
926 4467 1050 4542 tametsi
1058 4470 1264 4566 experientis
1278 4466 1479 4551 doceantur,
1505 4469 1547 4542 dc

278 4570 530 4646 vixnonmanu
547 4563 703 4664 palpent,
729 4569 887 4642 extremit
905 4569 942 4642 in
959 4567 1116 4668 angustiia
1136 4565 1168 4641 se
1183 4563 1308 4655 deseri,
1333 4566 1376 4642 ab
1391 4561 1546 4644 hostibue

278 4669 391 4750 vinci,
417 4661 735 4762 sugrri&spoliari.

205 4801 242 4888 33
354 4764 529 4864 Postquam
542 4768 644 4862 igitur
654 4762 833 4858 nequirlinri
850 4762 982 4861 spiritus
997 4760 1097 4839 finem
1112 4763 1277 4866 loquendi
1292 4761 1463 4844 secemnt,
1493 4763 1547 4838 in-

278 4866 410 4961 cipiunt
422 4864 495 4937 indi
505 4861 809 4944 suadonaofferre,
833 4862 992 4938 videlicet
1014 4890 1058 4938 ex
1079 4864 1245 4948 serarum,
1271 4857 1468 4956 &piscium
1489 4886 1548 4938 ve·
1607 4881 1611 4888 '

279 4967 427 5035 natione.
479 4961 833 5082 ntspiritutrnaligni,
856 4959 1284 5060 quotestenturfibioblara
1302 4981 1441 5034 munera
1453 4983 1549 5058 grata

281 5057 456 5143 accidisse,
482 5084 527 5131 eat
538 5065 577 5130 ire
590 5059 748 5155 quiddam
767 5082 825 5131 ore
843 5058 1009 5138 delibant.
1058 5057 1272 5136 Postmodum
1294 5060 1329 5132 in
1352 5083 1447 5132 aurae
1466 5081 1547 5134 eunt

281 5183 373 5260 popa
384 5161 537 5254 Mapono
549 5155 714 5240 feruntur,
744 5181 814 5254 quo
834 5183 985 5256 tempore
996 5159 1161 5252 templum
1174 5159 1221 5229 ita
1233 5156 1483 5238 contremiscit,
1508 5181 1549 5234 ut

282 5263 415 5335 minam
428 5257 545 5332 minari
557 5254 715 5334 videatur.
766 5253 1401 5354 Maponorutemdiunullivisurlatet,
1428 5277 1551 5352 prete·

1397 5377 1509 5446 xm·
