3575 6725
115 4391 119 4398 ’
277 4367 348 4445 ἂι,
374 4362 455 4455 quin
467 4382 578 4434 tamen
587 4357 848 4454 aliquiddoloria
858 4361 899 4434 de
911 4357 1067 4434 caereroil

280 1884 342 1961 bus
350 1889 495 1984 campie,
521 1888 577 1983 qui
587 1834 860 1960 maximamandi
879 1908 1006 1980 patrem
1022 1891 1114 1982 aquia
1138 1812 1333 1989 stagndn’
1354 1891 1476 1987 Gignit
1494 1884 1554 1961 ist-

279 1983 354 2059 haee
364 1988 459 2083 regio
467 1988 697 2081 magnaeopia
708 1985 1003 2068 variorfrustun&
1017 1984 1115 2059 ferae.
1167 1987 1469 2070 unianimo,
1496 1986 1553 2060 cui

276 2108 406 2159 nomen
420 2080 611 2157 Famacosro
630 2081 806 2157 dederunt.
854 2084 974 2155 Refert
985 2082 1050 2156 hoe
1060 2085 1185 2158 animal
1196 2110 1298 2183 caput
1307 2086 1417 2184 tigridi
1427 2082 1552 2170 sumile,

279 2177 1098 2278 uremcomorecanemsedfinecaudaexhibet.
1147 2184 1365 2282 Superathoe
1373 2181 1557 2257 monstrum

283 2280 887 2379 reliquaebestimeelerirateeurede,
911 2305 966 2364 ut,
992 2279 1127 2391 fiquem
1137 2286 1361 2380 persequitur,
1388 2280 1554 2379 vixpoffit

279 2380 401 2479 aliquia
410 2402 455 2455 ex
467 2379 635 2478 unguibua
645 2386 714 2473 ejus
724 2378 874 2455 evadere.
926 2382 1055 2473 Quodn
1079 2382 1313 2460 consceniione
1331 2379 1459 2455 arboria
1503 2382 1556 2455 ui·

278 2476 592 2581 effugerequoetat‚
617 2480 971 2579 congreganturquim
984 2480 1119 2579 plurimi
1129 2478 1309 2555 Famacofii
1321 2525 1334 2562 ,
1358 2503 1446 2553 nece
1512 2500 1558 2552 nt

278 2584 490 2656 terramcirea
499 2578 623 2652 radice·
632 2578 757 2653 arboria
766 2602 899 2663 eruere,
924 2574 1560 2677 donecintegermincuasternaturbu·

279 2682 344 2752 mi.
395 2678 523 2752 contri
534 2675 875 2753 indiedstemendem
891 2677 978 2753 hauc
998 2674 1134 2753 bestiam
1154 2679 1223 2753 estu
1236 2677 1384 2779 sequenti
1406 2698 1561 2753 uruntur.

279 2778 451 2851 Nimirum
460 2774 650 2871 complure·
660 2775 819 2851 Indorum
828 2772 897 2851 sese
909 2778 1144 2876 conjungunt,
1166 2776 1199 2849 se
1225 2773 1558 2861 imentumexalrie,

275 2872 747 2973 erasniequesudibuestruunt.
796 2880 876 2949 Hoc
886 2876 1095 2975 receptaculo
1106 2874 1560 2958 elauriffivenatoreama·

277 2972 890 3074 gnumedunrstrepitumadhaaferaa
908 2974 989 3050 illue
1001 2973 1231 3073 pelliciendos.
1279 2976 1371 3051 cium
1392 2996 1475 3072 ergo
1494 2994 1559 3045 ex·

277 3075 355 3149 eitae
368 3072 480 3148 bestiae
499 3071 610 3172 sepem
623 3074 957 3160 eveeoerelaborane,
982 3070 1213 3151 oecafiolndie
1230 3073 1374 3151 nascitur
1384 3072 1461 3147 iun
1477 3069 1556 3146 relia

275 3170 494 3248 conficiendi.
544 3174 936 3269 Reperitutetiaminhie
957 3173 1183 3249 terriafrustua
1194 3172 1362 3256 Romilia,
1387 3175 1555 3247 &Tutu-

276 3272 484 3353 maedidue,
509 3270 782 3367 neereipsaaliue
800 3270 869 3356 est,
894 3272 998 3370 quim
1015 3272 1176 3370 grandior
1187 3276 1299 3344 Cocoe
1342 3266 1548 3369 utvocant)

274 3393 345 3444 non
359 3367 716 3465 abfimilispeponibue
728 3418 740 3454 ,
765 3393 966 3469 quamquam
979 3366 1106 3444 nonsit
1127 3371 1250 3443 frustua
1273 3392 1316 3468 pa
1332 3390 1417 3450 mae,
1442 3367 1554 3444 veluti

274 3475 393 3546 Cocoe
404 3515 416 3555 ,
444 3469 501 3544 sed
510 3467 642 3544 alteriue
653 3494 785 3568 magna
796 3467 944 3553 arboria,
969 3493 1044 3568 quae
1061 3468 1157 3543 ilium
1179 3468 1307 3566 profert
1326 3491 1398 3540 non
1412 3462 1555 3561 quidem

273 3572 312 3646 in
320 3573 443 3654 ramis,
467 3566 571 3645 sedin
583 3567 658 3666 ipso
675 3593 814 3658 tmneo;
840 3572 1052 3667 nequeenim
1070 3570 1153 3642 rami
1165 3589 1261 3664 parer
1280 3567 1391 3640 forent
1410 3563 1553 3640 ferendo

274 3668 515 3770 temptandis,
540 3665 763 3765 &ponderofi
773 3670 869 3771 pomi
878 3671 985 3744 oneri.
1036 3664 1465 3743 Sunthicioeorumetiam
1484 3661 1549 3746 flu-

275 3773 355 3854 vii,
378 3771 553 3868 regionem
572 3771 778 3864 irrignum,
803 3772 860 3864 qui
880 3766 1053 3843 abundant
1075 3763 1234 3865 piscibus.
1295 3769 1439 3836 Terram
1457 3761 1549 3861 quod

272 3869 419 3967 speon,
444 3867 487 3935 ad
497 3864 636 3934 modum
649 3863 806 3936 foecunda
816 3863 873 3936 ilia
882 3865 946 3938 ferr
952 3863 1149 3959 plenimque
1168 3859 1340 3958 copiosam
1351 3857 1501 3940 messem·

230 4017 243 4045 .
348 3963 520 4035 Caeterium
531 3959 805 4057 incolueregionie
816 3958 889 4034 sunt
901 3960 989 4034 bona
1001 3961 1165 4043 vulriin&
1176 3965 1328 4060 corporis
1341 3958 1551 4037 constitutio*

274 4086 341 4142 ne,
367 4056 582 4133 eolorramen
593 4083 708 4132 eorum
717 4057 868 4134 adolivae
879 4059 1180 4135 coloremaccedir.
1232 4069 1315 4137 Non
1335 4059 1471 4135 modica
1488 4083 1553 4159 po·

275 4160 346 4263 puli
359 4154 757 4257 hujurparanativaquasr
779 4163 984 4259 contagione
999 4159 1136 4255 praefera
1157 4156 1302 4256 spetiem
1319 4159 1420 4257 lepra
1442 4163 1553 4254 cuju·
1610 4239 1612 4244 ,

124 4313 128 4326 ·
274 4261 369 4339 dam.
418 4264 511 4335 Hine
523 4257 681 4356 spectare·
690 4283 805 4332 eorum
813 4283 955 4357 corpora
963 4261 1053 4334 velut
1069 4258 1217 4432 qiscium
1236 4256 1418 4357 sepammie
1439 4255 1551 4350 obeb·

1084 4362 1267 4444 'ecreetur,
1293 4360 1552 4434 autineommo·
1634 4361 1636 4371 '

274 4459 371 4540 dum,
418 4465 457 4534 in
481 4453 573 4530 bello
589 4453 664 4530 sunt
682 4478 841 4552 perquam
861 4459 1027 4540 audacer,
1052 4461 1090 4532 de
1113 4455 1239 4540 fortes,
1264 4455 1552 4554 quemadmodum

273 4557 455 4658 Chiquirae.
504 4553 580 4628 lmd
593 4553 627 4628 hi
640 4552 707 4628 duo
717 4552 837 4653 populi
851 4556 979 4630 olimin
992 4556 1112 4631 iisdem
1131 4557 1223 4632 terrie
1238 4556 1306 4629 uni
1327 4555 1552 4644 habitabant.

272 4657 409 4734 demum
422 4651 592 4730 discordiis
610 4656 734 4730 exonie
759 4656 904 4729 invicem
921 4653 1070 4749 sejunsti.
1120 4662 1196 4731 Hac
1213 4651 1374 4734 divifione
1389 4677 1555 4734 venemne

271 4753 614 4853 illiesuperstirionee‚
641 4752 996 4853 Chiquirieinufitatoe.
1047 4760 1125 4831 Hoc
1143 4761 1266 4831 vitium
1275 4775 1397 4850 nempe
1417 4749 1554 4828 didice-

272 4857 512 4930 runeivieinia
523 4851 580 4929 fibi
590 4853 746 4954 populis,
770 4851 861 4928 fieuri
884 4854 1065 4928 eorundem
1083 4853 1241 4952 exemplo
1256 4875 1367 4924 carnee
1383 4845 1555 4930 humana

274 4973 584 5049 vorarecoeperunt.
632 4961 714 5026 Non
725 4949 1245 5051 minurdioaseparnioincausa
1255 4947 1338 5034 fuit,
1364 4971 1401 5024 ut
1420 4971 1554 5028 mutata

277 5048 781 5148 Chiquitorumiinguaprorsue
794 5074 1070 5149 corrumperetur.
1511 5043 1519 5054 ⁵

205 5183 239 5259 3,
348 5151 431 5246 Pagi
441 5145 586 5246 ipsorum
600 5171 669 5222 non
678 5144 804 5244 absque
812 5152 906 5224 omni
916 5150 1170 5227 architestoniea
1178 5141 1353 5224 constructi
1362 5146 1460 5230 sunt,
1477 5146 1556 5220 eal.

177 5243 181 5250 “
275 5243 1331 5353 eemimdomuaodificatae,infora,&plaeeaedistribuumur.
1378 5244 1555 5426 nubendique,

1399 5367 1457 5423 mo
