3575 6725
129 1308 409 1323 Μ-ι
447 1314 663 1327 ...ι-ψ.
748 1311 832 1318 -—---
859 1313 864 1318 .
884 1311 936 1316 -—.

340 1604 396 1681 50
449 1528 1029 1717 ωΠ-...ψζνΙ-Ῑιβιόηις

928 1706 930 1711 .
953 1690 1561 1721 ο-Ιψ-ι--η-ὴ..

277 1730 416 1803 debant.
468 1728 536 1799 Sub
548 1727 614 1799 hoc
626 1731 725 1825 igitur
739 1723 837 1822 spisso
847 1724 969 1797 recessu
982 1729 1128 1820 quietam
1143 1730 1528 1817 prensiruntiiationetn
1539 1774 1559 1819 ¹,

279 1830 388 1900 donec
401 1824 575 1921 tempestae
595 1826 777 1899 deseviret.
829 1822 917 1896 usne
939 1820 983 1893 est
1002 1824 1419 1921 quoqueVirApostolicus
1437 1826 1560 1904 eodem

280 1920 479 1998 meticuloso
488 1920 700 2022 quafial'ylo,
726 1921 990 2003 motatnrueibi,
1016 1946 1051 1991 ut
1063 1918 1209 1992 hostium
1218 1924 1409 2001 molitione·
1432 1930 1555 2009 certit'te

280 2022 485 2119 exploraret.
535 2018 884 2095 anctastonesalutie
894 2021 992 2093 sonte
1002 2022 1108 2092 tinxit
1118 2019 1290 2105 infantes,
1315 2024 1561 2099 aduitir'autem

280 2118 851 2217 mysteriasanaaeFideiexplicnit.
899 2124 943 2191 Et
955 2116 1034 2190 verb
1049 2114 1119 2213 ipse
1130 2122 1376 2195 metutacerbae
1397 2120 1560 2199 servituri·

281 2218 662 2315 oculoacaeciseperuit,
689 2243 726 2291 ut
737 2218 778 2290 ad
791 2216 1026 2291 declinandam
1041 2216 1221 2288 inferorum
1234 2216 1424 2294 servitutem
1435 2217 1559 2295 sactum

280 2318 447 2414 baptismo
470 2316 694 2412 deposcerent.
746 2322 829 2388 Eam
850 2340 962 2387 tamen
988 2318 1131 2409 gratiam
1155 2312 1214 2388 illa
1230 2318 1365 2412 quidem
1390 2322 1465 2393 uice
1486 2344 1559 2393 non

280 2416 353 2489 sunt
367 2412 558 2509 consecuti,
583 2416 674 2512 quiid
688 2421 783 2488 Pater
796 2421 878 2485 Arce
890 2413 932 2485 ad
945 2414 1165 2486 constantiam
1181 2458 1192 2495 ,
1219 2420 1256 2488 dt
1270 2421 1467 2511 patientiam
1479 2418 1561 2493 ilion

279 2515 453 2595 hortatus,
478 2510 1045 2607 alteriquecommodiorioccastoni
1060 2508 1244 2596 reservans,
1272 2514 1483 2590 necessatium
1507 2516 1559 2588 se-

279 2615 538 2687 stinareritetad
554 2613 681 2685 Urbem
696 2618 729 2686 S.
742 2616 876 2683 Crucis.
927 2609 1255 2705 Cousaurgenefuit,
1280 2615 1559 2705 utejuelociGu·

278 2710 685 2806 bernatoritempestivum
698 2711 795 2782 ferret
814 2711 971 2781 nuntium
992 2707 1034 2780 de
1049 2704 1162 2780 hostili
1183 2708 1400 2795 excursione,
1428 2720 1466 2789 dt
1488 2714 1555 2789 und

278 2810 402 2884 milites
419 2816 581 2882 animaret
601 2809 643 2881 ed
664 2832 757 2883 arma
776 2829 892 2881 contra
910 2804 1055 2881 hostium
1072 2802 1238 2902 pericula,
1264 2808 1456 2908 tempestivd
1474 2834 1557 2909 ptuq

305 2906 452 2983 ussanda.

228 3060 238 3080 .
277 2934 302 3009 P
352 3002 748 3101 Ntcmagnomolimine
770 3026 857 3101 opue
879 3000 944 3075 suit
962 3004 1003 3076 ad
1020 3000 1055 3076 id
1073 2998 1318 3086 obtinendum,
1344 3004 1555 3106 quandoqui-

278 3106 357 3177 dem
377 3131 502 3177 armata
526 3102 751 3199 Hispanorum
768 3109 873 3199 pietas
893 3100 993 3174 facili
1011 3098 1160 3196 persuasa
1180 3100 1248 3185 est,
1273 3102 1553 3201 utChiquitorum

278 3204 363 3277 olim
376 3202 451 3301 ipsit
462 3204 554 3275 iliata
566 3202 700 3283 demna,
710 3208 746 3276 δι
757 3200 880 3295 probra
888 3205 957 3293 jttn
968 3197 1160 3274 defensione
1170 3201 1349 3275 eorundem
1361 3250 1374 3289 ,
1384 3210 1421 3280 δι
1432 3206 1485 3278 vel
1498 3206 1552 3279 fu-

277 3304 313 3375 so
321 3301 481 3400 sanguine
497 3302 630 3398 prorsus
642 3298 827 3373 christiani
844 3299 1075 3396 rependerent.
1126 3300 1268 3373 Addidit
1281 3300 1452 3398 propofito
1474 3303 1553 3380 huic

277 3427 348 3474 non
363 3402 437 3475 leve
455 3423 664 3473 momentum
676 3399 821 3497 prudens
837 3397 968 3484 met'ue,
994 3423 1036 3471 ne
1061 3393 1195 3472 effrenis
1207 3401 1476 3474 Mamalucotum
1488 3405 1552 3476 Li·

277 3502 523 3592 centitmajora
544 3495 683 3571 sumeret
700 3502 928 3581 incrementa,
953 3522 1050 3594 atque
1069 3496 1155 3570 aded
1172 3500 1208 3571 in
1229 3495 1551 3596 ipseeHispanotum

275 3599 371 3672 urbes
382 3595 563 3696 procellam
575 3591 835 3670 bellieffundete
858 3597 1011 3680 auderet,
1037 3593 1095 3670 nist
1117 3595 1241 3670 malum
1259 3598 1447 3672 timendum
1464 3622 1551 3672 tem·

274 3703 600 3796 poripraevertetent.
650 3703 762 3793 itaque
770 3699 883 3792 paucis
893 3695 985 3770 horis
997 3692 1142 3768 conflata
1151 3693 1273 3768 cohors
1290 3693 1336 3770 est
1355 3702 1493 3772 centum
1512 3705 1550 3776 dc

275 3804 413 3898 triginta
421 3797 587 3876 militum,
615 3795 705 3867 bello
713 3800 881 3877 exercita,
908 3800 1023 3867 animo
1036 3795 1177 3870 &armis
1192 3795 1354 3869 instrudia.
1406 3801 1449 3869 Et
1465 3821 1553 3893 quo-

275 3902 367 3968 niam
387 3921 490 3966 morae
516 3892 700 3990 periculum
722 3893 886 3988 urgebat,
912 3897 1042 3991 magnit
1059 3890 1235 3966 itineribut
1251 3891 1552 3970 adneduuionem

275 3995 455 4065 &xaverii
467 3997 696 4088 properairunr.
748 3992 801 4063 lbi
813 3987 979 4086 suppetiae
990 4011 1212 4063 trecentorum
1229 3988 1388 4062 Indorum
1411 3987 1466 4066 fibi
1489 3993 1551 4068 ad·

274 4088 440 4165 sciverunt
467 4136 478 4172 ,
503 4113 585 4184 quor
607 4093 763 4162 omnium
786 4089 1005 4173 sortiffimoe,
1040 4086 1189 4184 bellique
1209 4093 1414 4186 expertiores
1435 4090 1550 4166 cense-

275 4188 368 4262 bant.
419 4194 505 4261 Cum
516 4187 568 4260 hit
579 4191 808 4286 etgoptofedii
823 4187 918 4272 sunt,
945 4189 1131 4286 indagaturi
1141 4185 1268 4262 hostem
1278 4191 1312 4260 in
1333 4192 1426 4263 tertie
1445 4195 1548 4264 Pine-

274 4286 452 4386 quifiorum
478 4335 489 4370 ,
516 4293 676 4456 puoniam
695 4287 745 4362 ibi
767 4283 953 4360 offensuros
973 4286 1006 4358 se
1027 4285 1217 4360 credebant.
1267 4291 1406 4360 Interim
1423 4287 1550 4364 inteili-

273 4411 380 4486 gunt,
405 4393 516 4460 Mania
536 4411 617 4459 ucos
637 4392 672 4461 in
691 4385 850 4462 desertam
868 4385 1052 4484 primulum
1063 4391 1097 4458 S.
1108 4386 1247 4457 Xarerii
1270 4393 1554 4464 communitatem

274 4485 383 4560 fecisse
394 4487 614 4582 irruptionem
628 4487 639 4567 ‚'
665 4485 799 4556 arnulli
812 4483 859 4557 ibi
872 4489 1008 4556 inventi
1018 4482 1130 4578 prtedfi
1142 4477 1305 4567 nituisse,
1330 4487 1412 4584 quin
1425 4492 1494 4579 jam
1510 4489 1548 4562 in

274 4583 420 4665 viaeffe,
446 4609 482 4657 ut
495 4584 621 4656 Urbem
636 4589 670 4654 S.
683 4585 800 4654 Crucis
813 4577 1114 4676 repentinotssultu
1124 4577 1313 4658 obruerent.
1350 4585 1441 4676 'Hoc
1463 4609 1547 4656 nun·

274 4687 473 4781 tioaccepto
485 4681 606 4755 incessit
617 4679 786 4777 Hispanos
797 4679 930 4755 insolita
942 4679 1114 4762 alacritas,
1140 4679 1182 4753 ed
1199 4681 1337 4779 quddin
1352 4680 1404 4754 sua
1416 4685 1548 4754 animo.

276 4782 388 4865 snare,
415 4782 557 4864 robore,
585 4780 784 4858 &boraitate
811 4779 917 4854 causae
941 4777 1070 4876 prorsus
1086 4777 1315 4865 confiderent,
1343 4781 1413 4850 fore
1434 4801 1469 4848 ur
1491 4775 1548 4854 hie

275 4878 461 4955 latronibus
470 4880 760 4980 meritumpridem
777 4885 919 4956 exitium
936 4879 1080 4976 denique
1097 4877 1265 4954 efferrent.
1319 4880 1360 4948 dt
1379 4873 1457 4945 veru
1482 4874 1549 4950 ho.

275 4975 359 5061 ster,
386 4982 466 5055 dum
480 4984 904 5055 citetvacuamS.Xtverii
937 4979 1166 5055 tedudionem
1183 4973 1316 5070 vestigia
1336 4967 1422 5067 quast
1443 4999 1548 5071 equo.

275 5099 350 5149 tum
374 5123 387 5160 ,
413 5075 485 5149 solo
505 5076 656 5171 impressa
676 5123 688 5161 ,
712 5074 953 5161 obsetvdtunt,
980 5077 1067 5150 nihil
1087 5077 1186 5179 bpnte
1199 5069 1268 5169 spei
1289 5067 1347 5143 ribi
1370 5079 1547 5167 promitte·

277 5176 370 5249 bont.
418 5170 749 5270 Praecipueipsorum
759 5179 890 5247 Ducem
903 5173 1174 5249 earessolicitum
1197 5169 1335 5254 habuit,
1363 5171 1453 5269 qudd
1473 5176 1547 5248 exi-

275 5274 446 5362 stimarer,
472 5269 1069 5373 Hispanoeanteoccupaffesortem,
1094 5267 1547 5442 utadedteditueanteptem·

1393 5393 1436 5468 μ
1452 5393 1498 5444 td·
