3575 6725
191 1511 274 1603 isa
362 1518 433 1639 tia
447 1512 654 1635 miracula
665 1532 830 1633 patret,
859 1516 995 1631 qualia
1006 1518 1115 1609 olim
1125 1520 1168 1609 in
1208 1520 1395 1613 rimitiva
1403 1521 1556 1635 Eccle-

259 1658 285 1717 e
348 1636 567 1747 operattu.
623 1628 834 1725 Profestd
855 1632 1100 1751 Apostolici
1118 1634 1165 1727 hi
1218 1640 1268 1729 tri
1289 1636 1344 1729 ad
1364 1642 1563 1757 literam,

196 1740 293 1837 ind
308 1744 355 1837 δι
376 1748 582 1839 ultimum
602 1752 771 1865 apicem
790 1750 965 1868 expient
982 1778 1033 1841 ea
1057 1755 1233 1863 omnia,
1263 1754 1565 1869 quaeChristua

198 1862 423 1955 Dominus
432 1867 479 1951 iis
493 1863 685 1977 singulis,
715 1871 786 1983 qui
795 1866 1099 1981 Apostolicam
1113 1872 1251 1959 vitam
1264 1874 1458 1985 profiteri
1475 1903 1564 1966 vo·

196 1981 317 2089 lunt,
346 1980 391 2067 in
401 1981 612 2075 mandatu
630 1982 759 2075 dedit.
816 1981 1564 2107 Nondessnuntnimirumsuosspe-

200 2096 343 2301 {osor
368 2094 772 2213 Evangelizantlum
805 2098 936 2217 pedet
960 2099 1241 2193 circumferre
1308 2106 1565 2197 ercursando

199 2216 212 2301 i
263 2210 408 2301 nlensa
425 2212 744 2331 illa-regionum
761 2216 912 2333 spatia,
939 2235 1016 2309 aut
1038 2214 1186 2331 poriiu
1206 2242 1261 2307 va
1353 2214 1568 2333 Paraqut·

198 2332 274 2419 riae
295 2327 582 2443 solitudines,
620 2355 717 2445 quar
737 2360 898 2447 magna
913 2330 1116 2449 profesto
1142 2360 1236 2450 pars
1258 2332 1567 2449 est-American

201 2442 315 2534 Non
324 2442 474 2537 sistunt
485 2456 643 2538 eorum
655 2449 827 2541 cursum
838 2452 1176 2541 totsaeculorum
1187 2450 1304 2564 lapsu·
1327 2448 1562 2564 sylvescen-

87 2664 90 2669 .
202 2560 409 2671 tia,&ad
419 2564 658 2653 horrorem
677 2562 808 2653 dense
829 2566 1103 2655 increscentia
1127 2592 1367 2659 nemorum
1391 2588 1568 2683 tesqua,

205 2677 492 2817 necdeserti,
515 2680 561 2769 &
582 2680 677 2769 solis
692 2679 792 2773 feris
809 2681 1076 2823 immanibue
1098 2682 1230 2819 insessi
1249 2678 1456 2819 recesl'ut,
1482 2708 1567 2799 nec

208 2790 872 3029 {struuntur
886 2796 1575 3030 &f‘lf‘tiffiiilli

209 3048 456 3138 torrentes,
485 3056 567 3117 nec
579 3026 762 3143 denique
771 3026 908 3118 fames
918 3033 985 3117 vel
999 3028 1108 3138 sitis,
1138 3058 1220 3119 nec
1229 3034 1375 3119 omnis
1385 3054 1574 3120 annonae

207 3149 411 3263 penuria,
443 3146 545 3257 quin
562 3170 644 3231 nec
655 3172 779 3233 mors
793 3146 1031 3261 ipsazelum
1043 3150 1217 3235 illorum
1230 3146 1376 3261 potest
1386 3144 1574 3245 retarda-¹

207 3288 266 3355 te
324 3260 415 3349 Vix
428 3278 714 3349 momentum
724 3259 809 3372 est,
842 3288 934 3377 quo
957 3262 997 3351 se
1018 3288 1115 3351 non
1132 3280 1358 3379 exponant
1376 3262 1574 3351 lubenter

210 3367 445 3473 manifestis
472 3379 632 3466 mortis
652 3380 878 3494 periculis,
914 3375 1010 3466 utsi
1033 3381 1103 3468 vel
1120 3379 1235 3466 mille
1258 3379 1367 3466 vitas
1378 3362 1577 3580 ¹posside·¹

210 3514 333 3606 tent,
360 3497 435 3582 vix
446 3493 884 3582 uniusconservandar
893 3493 1009 3611 spem
1020 3515 1183 3584 certam
1202 3493 1363 3611 possint
1396 3493 1455 3581 rbi
1478 3495 1578 3610 pol·

209 3617 338 3706 liceri.
397 3611 545 3724 Atque
570 3609 665 3697 haec
680 3637 775 3697 non
787 3609 929 3698 alinde
943 3611 1207 3720 causalium,
1239 3613 1580 3722 quamutvitam
1639 3617 1643 3624 '

212 3751 417 3822 eternam
430 3727 638 3840 impertiri
653 3727 812 3840 poffint
831 3729 904 3816 illis
921 3727 1107 3832 misellis,
1137 3727 1183 3816 δι
1202 3729 1328 3812 omni
1349 3725 1577 3810 commise-

211 3851 384 3942 ratione
403 3843 539 3954 dignis
557 3843 727 3956 populis
753 3903 767 3948 ,
796 3843 868 3950 qui
890 3843 934 3926 in
955 3839 1221 3927 hodiemum
1242 3849 1377 3948 ut'que
1399 3835 1511 3923 diem
1532 3840 1578 3924 in

216 3957 460 4054 densissimis
472 3955 658 4044 tenebris
666 3957 747 4044 suae
757 3950 1136 4068 superstitionis,&
1155 3955 1200 4042 in
1219 3956 1339 4040 caecis
1361 3950 1579 4065 sylvarum

214 4075 578 4172 anfractibusnon
592 4073 637 4159 in
657 4097 835 4159 morem
853 4067 1115 4176 hominum,
1143 4069 1212 4159 sed
1236 4067 1426 4158 ferarum
1450 4069 1579 4158 instar

215 4197 388 4292 ratione
400 4188 666 4304 expertium,
695 4187 856 4299 absque
874 4185 1002 4297 fidei,
1030 4177 1202 4298 Daique
1213 4187 1482 4300 cognitione,
1495 4213 1577 4273 nu·

216 4311 386 4404 dislimo
413 4329 604 4419 corpore
625 4301 1074 4415 circumferebantur,
1114 4299 1422 4394 &hodiedum
1446 4295 1582 4416 longe

215 4433 357 4550 plures
376 4447 536 4514 eorum
551 4417 929 4510 circumferuntur.

301 4591 430 4690 Clark
440 4597 549 4684 item
562 4587 826 4709 deprehendi
843 4617 900 4684 ex
911 4585 1099 4678 lestione
1113 4587 1240 4702 hujus
1262 4591 1429 4704 operis,
1461 4588 1586 4701 qudd-

219 4713 540 4811 eternaveritas
552 4710 704 4800 suishls
713 4729 805 4796 tam
826 4703 918 4796 fidis
942 4707 1096 4814 seruis,
1122 4709 1392 4821 &operariis
1415 4727 1584 4818 partam

221 4827 338 4950 apdd
347 4829 389 4920 S.
399 4829 602 4920 Marcum
616 4823 868 4942 mercedem
891 4815 1063 4914 abunde
1082 4823 1202 4913 reddi
1227 4823 1376 4928 faciat,
1406 4821 1583 4930 quando

223 4951 300 5044 illis
309 4942 550 5036 mirandam
558 4943 961 5059 prorsus&naturae
970 4945 1082 5030 vires
1096 4935 1469 5030 transcendentem
1488 4963 1584 5048 gra.

224 5057 703 5158 tiamconlertdiscendi
712 5057 865 5146 scilicet
874 5060 1048 5170 ignota,
1084 5055 1130 5146 δι
1146 5055 1323 5142 barbara
1339 5051 1585 5142 admodum

224 5181 457 5291 idiomata,
485 5175 843 5295 quorumspeciet
854 5169 1024 5266 diversa
1042 5171 1246 5282 totsunt,
1275 5188 1389 5286 quot
1413 5169 1509 5260 sunt
1526 5169 1587 5287 se·-

1417 5311 1537 5400 Pala·
