3575 6725
1440 1581 2009 1698 faraquaeriae.
2723 1615 2884 1694 271

2674 1713 3004 1737 ——u--nnt-

432 1749 744 1822 lotorum
764 1741 1073 1814 distantia
1091 1736 1306 1812 resciri
1331 1736 1579 1832 potuit.
1675 1740 1829 1832 Jam
1851 1760 2017 1834 ergo
2054 1759 2147 1808 ex
2166 1740 2673 1815 communitate
2704 1744 2770 1814 S.
2792 1749 2998 1817 Fran.

434 1843 591 1921 cisti
616 1843 888 1916 Xaverii
911 1858 1331 1936 compertum
1350 1831 1673 1905 habemur
1696 1881 1721 1917 ‚
1768 1833 1951 1932 quod
1968 1833 2054 1908 ab
2077 1834 2194 1910 ista
2216 1835 2312 1911 sat
2330 1835 2571 1935 procul
2591 1837 2798 1913 diffita
2813 1863 2990 1940 gena

433 1945 674 2040 degat,
707 1963 853 2035 quae
884 1945 1232 2031 Guarayoa
1248 1932 1526 2016 dicitur,
1563 1938 1637 2009 &
1665 1937 2038 2010 Guaranica
2056 1934 2290 2033 lingua
2308 1939 2536 2011 utitur.

583 2047 814 2136 Itaque
830 2062 915 2110 ex
937 2036 1050 2135 spe
1073 2030 1442 2130 colligendi
1461 2031 1706 2107 fruftua
1721 2057 1812 2106 ex
1832 2031 1953 2107 illa
1966 2058 2167 2132 gente
2189 2034 2395 2135 aliqui
2428 2035 2629 2110 distat
2655 2039 2989 2114 &mmu-
3090 2048 3119 2125 .’

439 2135 664 2213 nitatis
684 2145 894 2211 Anno
925 2161 945 2207 ι
969 2161 1044 2225 7¹
1065 2159 1131 2224 9.
1151 2130 1309 2207 illuc
1331 2128 1615 2229 profesti
1639 2128 1816 2216 sunt,
1839 2131 2145 2208 collaturi
2162 2157 2318 2210 cum
2339 2133 2596 2210 Incolis
2614 2139 2758 2230 ejus
2774 2161 2998 2224 terrae.

438 2235 524 2310 ad
551 2233 1073 2336 persuadendam
1098 2230 1351 2305 scilicet
1383 2227 1629 2304 Christi
1674 2234 1959 2328 Legem.
2058 2233 2189 2306 Sed
2213 2237 2377 2311 citra
2406 2235 2691 2309 frustum
2728 2238 2994 2333 regredi

437 2334 689 2411 necesse
714 2334 884 2420 fuit3
939 2341 1123 2407 Nam
1144 2328 1346 2404 delati
1371 2327 1456 2403 ad
1482 2328 1715 2425 populi
1736 2331 1914 2405 illius
1931 2329 2401 2418 habitationes,
2420 2338 2764 2432 neminem
2785 2360 3012 2419 unum,

438 2438 872 2517 invenerunt,
912 2428 1234 2506 ornnibua
1277 2430 1437 2523 fuga
1471 2425 1761 2524 dilapfia.
1860 2427 2144 2506 Insecuti
2191 2456 2417 2506 tamen
2458 2431 2614 2508 sunt
2663 2431 2994 2531 fugitivos

435 2556 560 2632 per
579 2533 839 2629 aliquot
865 2531 1005 2605 dies
1025 2576 1050 2612 ‚
1101 2525 1285 2625 quod
1306 2526 1391 2598 ali
1446 2549 1524 2598 ua
1546 2526 1730 2624 fugoe
1753 2525 2027 2627 vestigia
2045 2528 2632 2627 deprehenderint.
2732 2541 2825 2607 At
2844 2558 2999 2607 tan-

437 2633 738 2707 dem-iter
761 2623 1119 2705 interclusit
1136 2629 1383 2724 ingena
1397 2548 1655 2699 humen
1676 2670 1701 2709 ‚
1731 2627 1919 2723 quod
1938 2628 2214 2728 profugi
2228 2634 2615 2725 trajecerant
2630 2677 2653 2714 ,
2687 2634 2847 2728 quin
2866 2657 2995 2709 no-

439 2730 546 2808 stri
564 2729 997 2827 indagatorea
1011 2721 1568 2823 recognoscerent
1588 2771 1614 2807 ‚
1652 2722 1936 2800 ubinam
1953 2725 2427 2803 excensionem
2448 2728 2766 2807 fecissent.

582 2830 848 2902 Eodem
868 2835 1068 2902 Anno
1087 2825 1331 2916 4Maii
1353 2825 1427 2897 in
1448 2822 1867 2899 Redufitione
1888 2830 1952 2901 S.
1962 2830 2062 2898 Ra
2063 2826 2327 2923 phaelis
2347 2833 2564 2929 erupit
2581 2827 2994 2918 incendium,
3104 2906 3127 2930 ‚

435 2928 623 3018 cujus
640 2925 988 3001 occafione
1016 2924 1286 2999 Ethnici
1308 2968 1334 3006 ‚
1368 2925 1480 3019 qui
1517 2925 1594 2997 in
1617 2947 1702 2997 eo
1722 2947 1907 3021 pago
1931 2924 2187 3001 collecti
2201 2973 2228 3012 ,
2268 2925 2385 3002 sed
2406 2929 2695 3003 necdum
2732 2935 2998 3027 Baptia-

439 3048 564 3097 mo
585 3028 773 3099 tincti
796 3023 1218 3098 versabantur
1241 3068 1266 3104 ,
1308 3019 1699 3095 tumultuari
1736 3022 2155 3099 videbantur.
2256 3025 2679 3101 Timendum
2706 3030 2995 3126 proinde

433 3121 606 3208 fuit,
644 3147 730 3197 ne
763 3128 837 3198 in
879 3121 1023 3196 suaa
1055 3118 1385 3218 sylvarum
1423 3113 1819 3194 solitudines
1850 3124 2088 3195 iterum
2127 3123 2582 3205 dilaberentur
2614 3172 2640 3210 ,
2691 3128 2992 3203 maxime

432 3220 620 3320 quod
656 3245 936 3296 omnem
970 3241 1314 3295 annonam
1339 3211 1611 3290 flamma
1651 3215 2179 3318 consumpsisset.
2280 3224 2529 3299 Verum
2572 3230 2736 3298 Dao
2762 3225 2995 3325 dispo·

434 3345 638 3398 nente
658 3320 804 3396 haec
825 3318 1167 3396 seditioni·
1194 3314 1448 3418 specie:
1464 3319 1534 3393 in
1553 3314 1745 3394 brevi
1763 3315 2094 3418 suppreffa
2117 3318 2211 3396 est
2229 3369 2252 3406 ,
2306 3320 2486 3399 fafto
2507 3323 2669 3399 dein
2687 3328 2996 3405 unanimi

428 3421 739 3502 decreto,
776 3419 907 3494 sese
939 3420 1231 3494 invicem
1269 3416 1615 3535 dividendi
1653 3420 1723 3490 in
1761 3424 2072 3517 geminas
2110 3419 2410 3496 colonias
2434 3470 2459 3508 ,
2512 3423 2585 3500 id
2629 3425 2812 3522 quod
2848 3433 2993 3501 An-
3033 3479 3044 3496 .

430 3544 526 3594 ¹¹⁰
560 3514 2987 3695 ¹122?ffissffffitffisffssffi‘ssssffssffaffikssf‘sszssz’ffissffiffzzm

429 3712 515 3788 ad
539 3712 948 3813 Chiquitoa.‚
980 3710 1238 3788 tamdiu
1258 3705 1714 3788 desideratam.
1811 3713 2085 3790 Obtulit
2106 3712 2169 3786 se
2195 3714 2311 3789 ista
2332 3716 2418 3790 ad
2452 3717 2706 3808 radices
2731 3724 2988 3803 montis

429 3810 1001 3912 Chiriquanorum
1025 3859 1048 3896 ,
1091 3814 1281 3903 cujus
1303 3810 1771 3910 cognitionem
1786 3811 1859 3882 in
1878 3816 2177 3911 acceptia
2199 3814 2540 3890 referimus
2567 3816 2986 3917 infatigabili

425 3912 580 3986 zelo
600 3920 671 3988 P.
693 3911 1017 4004 francisci
1043 3911 1942 4007 Hervas,primirepertoris.
1988 3954 1993 3957 ·
2042 3917 2244 3987 Proin
2275 3922 2479 3989 Anno
2493 3942 2662 3990 mox
2683 3915 2990 4017 sequenti

423 4012 560 4087 duo
582 4036 877 4087 recentes
905 4020 1126 4085 Patres
1145 4009 1533 4088 Mislionarii
1555 4056 1578 4092 ,
1628 4033 1877 4108 nempe
1895 4018 1975 4086 Ρ.
1994 4011 2308 4107 Joachim
2329 4013 2412 4087 de
2433 4014 2711 4114 Aquilar
2734 4065 2757 4102 ,
2786 4026 2984 4092 Arra-

419 4114 669 4208 goniua
690 4157 714 4192 ‚
766 4116 930 4185 &P.
951 4116 1245 4209 Joannea
1262 4106 1550 4207 Baptista
1583 4109 1793 4204 Speth
1814 4156 1837 4193 ,
1887 4111 2428 4208 lngolstadianua
2451 4122 2658 4208 Bojus
2676 4163 2699 4192 .
2745 4122 2822 4190 ea
2840 4122 2983 4216 pti-

422 4208 617 4281 mum
638 4214 862 4304 aperta
887 4211 992 4280 via
1014 4202 1106 4280 usi
1130 4204 1303 4280 sunt.
1401 4204 1514 4278 Est
1536 4205 1872 4303 hodie‘que
1885 4232 1963 4282 ea
1985 4213 2090 4283 via
2112 4208 2426 4284 omnibus
2443 4216 2826 4288 communia
2849 4264 2869 4297 ,
2894 4214 2979 4290 il-

414 4306 533 4381 luc
549 4304 1158 4406 proficiscentibus,
1204 4304 1423 4404 magis
1457 4306 2005 4402 compendiaria,
2054 4330 2132 4381 ac
2173 4311 2396 4406 prior,
2447 4336 2577 4409 qua
2600 4336 2721 4409 per
2745 4312 2978 4386 Recht-

419 4410 712 4482 &ionem
731 4412 806 4482 S.
827 4406 1061 4482 Crucia
1078 4409 1379 4489 Serratae‚
1421 4401 1559 4503 (de
1581 4402 1646 4477 la
1672 4404 1961 4503 Siara.)
1986 4406 2225 4484 nostrie
2240 4409 2657 4509 pergendum
2677 4410 2986 4490 fuitlon*
3135 4477 3140 4482 .

416 4508 523 4603 gia
540 4503 964 4603 ambagibua.

551 4600 1027 4678 Posterioribm
1044 4606 1255 4677 Annia
1273 4599 1631 4699 Neophyti
1656 4598 1860 4677 nostri
1881 4604 2104 4700 pamm
2132 4605 2513 4685 Christiano
2535 4606 2690 4683 zelo
2710 4611 2969 4684 excita-
3081 4677 3106 4704 ‚

412 4701 465 4778 ti
482 4695 907 4775 surrexerunt
921 4700 1010 4773 ad
1042 4705 1503 4773 conterminos
1547 4698 1839 4871 populos
1862 4701 2129 4777 Christo
2163 4700 2557 4786 asserendos.
2658 4715 2801 4783 Prae
2815 4707 2968 4783 aliia

413 4800 503 4874 ad
523 4798 872 4875 meridiem
892 4795 1281 4873 occurrebat
1297 4801 1644 4869 innumera
1696 4795 1809 4870 ilis
1822 4800 2252 4897 populna,sed
2271 4804 2588 4882 nonnihil
2613 4810 2965 4884 remotior.

411 4897 523 4972 Ad
539 4898 720 4974 hune
741 4896 1028 4974 ducebat
1042 4896 1414 4974 admodum
1432 4893 1632 4968 ardua
1655 4900 1785 4982 via,
1805 4898 1844 4970 a
1866 4897 2019 4973 ferie
2039 4899 2353 4977 haetenus
2370 4929 2513 4980 non
2528 4901 2677 4981 vifis
2701 4900 2962 4983 insess‘a.

412 4997 524 5072 Εὸ
549 4997 753 5094 pluria
770 4996 1056 5096 proinde
1068 4993 1528 5070 estimandum
1547 5018 1681 5072 erat
1706 4995 1928 5094 ,quod
1945 5024 2090 5074 non
2109 4999 2428 5080 absterriti
2452 5027 2641 5080 tanto
2657 5004 2961 5106 periculo

412 5094 619 5170 nostri
642 5101 716 5167 N
718 5098 996 5196 eophyti
1017 5096 1105 5173 eo
1131 5118 1403 5195 pergere
1426 5118 1570 5168 non
1590 5092 1968 5171 horruerint
1981 5121 2108 5197 pro
2127 5101 2431 5198 pauculis
2442 5105 2533 5179 ad
2554 5108 2789 5180 Fidem
2801 5128 2964 5204 pet·

415 5193 766 5272 ducendis.
858 5194 1140 5272 Constat
1158 5200 1345 5270 enim
1361 5240 1389 5280 ,
1406 5198 1853 5271 mutationem
1875 5201 2216 5299 Regionis
2240 5207 2316 5279 δι
2340 5207 2507 5278 aeria
2524 5202 2826 5302 pluribus
2839 5201 2963 5277 ab·

415 5291 1286 5388 duRiamo'rtemaeeerfete.
1381 5298 1561 5392 Ωιι
1578 5292 1727 5394 ipsa
1745 5294 1943 5400 eausa
1968 5296 2066 5374 est
2085 5344 2113 5386 .
2140 5323 2263 5379 eur
2280 5305 2824 5476 Communjltatea
2842 5307 2982 5408 iri-‚—

1696 5437 1709 5446 ·
2669 5423 2868 5479 orum
