3575 6725
695 1428 974 1548 Parsquarie.

229 1583 431 1678 propediem
439 1608 513 1655 curn
522 1583 649 1678 gaudio
662 1581 798 1651 reduces
808 1581 880 1652 sore
889 1582 931 1653 ad
944 1575 1127 1653 initiandos
1139 1583 1208 1647 Dsr
1229 1589 1424 1679 cognitione
1442 1589 1509 1663 hoe

230 1680 389 1775 populos.
440 1674 503 1752 His
514 1682 608 1751 diuis
621 1674 761 1749 subinde
775 1678 794 1747 s
807 1679 1036 1751 Gubernatore
1050 1672 1124 1745 sunt
1134 1672 1260 1760 dimissi.
1496 1752 1499 1759 ,

307 1776 488 1861 ittsrsientes
504 1772 699 1868 viampotrd
715 1778 878 1848 Tarixatrr
888 1778 1023 1857 verriu,
1059 1769 1138 1845 duur
1153 1767 1293 1846 fluvium
1307 1777 1506 1871 Guapayunr

230 1877 463 1963 trajiciebant,
487 1870 682 1945 circumsetis
696 1868 773 1945 sunt
791 1872 834 1945 ab
855 1877 984 1971 ingenti
1003 1894 1142 1943 numero
1154 1869 1334 1953 indorum,
1361 1876 1418 1966 qui
1437 1877 1507 1948 sor.

228 1978 311 2044 mari
343 1971 687 2045 subicotntnuniratetn
708 1970 937 2067 exoptabant,
962 1977 1000 2046 dc
1018 1965 1136 2063 suscipi
1151 1992 1264 2042 curam
1283 1968 1412 2042 suarum
1436 1973 1509 2043 ani·

227 2092 357 2139 marum
376 2093 389 2153 3
414 2090 546 2162 paratos
560 2071 650 2140 eninr
675 2092 796 2141 omnes
820 2066 852 2141 se
869 2067 1027 2144 dicebant
1056 2066 1098 2139 ad
1112 2065 1233 2141 Christi
1254 2065 1356 2140 fidem
1379 2062 1509 2163 ample·

227 2164 392 2237 ciendam.
441 2164 554 2237 Nostri
565 2191 607 2237 ne
621 2165 688 2237 stne
698 2169 793 2238 omni
806 2164 931 2241 solatio
951 2165 1014 2240 hos
1026 2162 1172 2262 populos
1191 2169 1420 2262 praeterirent,
1446 2163 1509 2237 ba·

226 2258 397 2334 bitationis
416 2259 532 2334 locunt
566 2260 890 2357 circumscripscrunt
921 2268 1059 2346 ,erecti
1078 2261 1158 2333 dein
1177 2274 1232 2335 ari
1255 2266 1436 2360 portatoris
1467 2266 1503 2337 iu

221 2355 1223 2456 conspectuomniumsmischristienomoreopetatisunt.
1272 2367 1316 2434 Et
1337 2364 1501 2457 quoniam

222 2455 296 2527 dies
307 2479 376 2528 erat
389 2453 569 2529 Purificstae
581 2461 730 2554 Virginis
741 2460 902 2541 Mature,
928 2460 965 2530 io
979 2461 1047 2547 ejus
1058 2460 1187 2551 potenti
1196 2457 1296 2529 tutela
1306 2482 1429 2529 novam
1441 2482 1501 2532 co,

221 2551 353 2624 ioniam
367 2552 626 2630 effevoiuerunt.
679 2560 787 2652 Atque
799 2554 872 2629 brec
887 2580 988 2650 usque
1009 2553 1095 2627 adeb
1109 2551 1252 2646 probata
1269 2553 1343 2627 sunt
1357 2554 1501 2651 praesen.

220 2650 497 2734 tibusBatbrrie,
522 2677 559 2724 ut
570 2652 657 2725 santi
668 2655 736 2743 ejus
747 2656 793 2725 rei
805 2657 839 2726 in
848 2655 933 2727 aiios
947 2652 1160 2726 barbarorum
1183 2656 1278 2726 vicos
1298 2650 1431 2736 dener,
1457 2653 1500 2727 ii.

177 2743 184 2755 “
222 2745 294 2819 lico
309 2749 404 2823 mniti
415 2751 473 2823 alii
487 2753 638 2846 Csciquii
650 2748 715 2823 sese
723 2750 930 2832 obtulerint,
957 2750 1083 2824 ibidem
1102 2772 1178 2821 curn
1199 2747 1266 2823 suis
1286 2749 1424 2843 subditis
1437 2749 1497 2824 hs-

221 2843 394 2921 bitaturos.
445 2848 580 2920 Exinde
591 2857 701 2922 Patres
723 2853 1134 2943 perrexeruncTarixarn,
1159 2852 1302 2943 paraturi
1317 2847 1365 2922 ibi
1382 2848 1497 2922 treces-

141 2946 146 2955 '
219 2941 302 3015 saria
312 2966 412 3017 tanate
420 2945 641 3040 expeditioni.
694 2951 820 3018 interea
834 2946 1134 3019 coelumaerunrnas
1148 2944 1276 3017 itineris
1297 2951 1495 3023 remunerari

219 3039 352 3125 uoluit,
378 3041 637 3118 oblatoinsaute
649 3089 661 3126 ,
687 3046 754 3137 jaro
764 3066 886 3141 agente
897 3047 1070 3123 animam,
1097 3063 1196 3137 quem
1218 3040 1308 3117 sacro
1324 3045 1425 3139 proin
1444 3043 1495 3117 ia.

216 3162 320 3307 {25¹⁰
332 3164 560 3241 regenerautm
571 3142 862 3240 feliciaeternitati
879 3138 1151 3242 transcripserunt
1174 3164 1254 3217 cum
1270 3145 1422 3219 martino
1439 3141 1492 3220 so·

264 3261 310 3312 ιο.
693 3280 697 3293 ·

636 3417 778 3531 Cur.
813 3423 849 3525 Ι.
922 3422 969 3556 ᾧ.
1009 3448 1054 3533 8.

217 3632 259 3693 r.
289 3591 495 3692 Excitatae
502 3596 629 3692 rurba
630 3625 706 3716 per
714 3598 952 3718 Apostatas.
1008 3630 1049 3688 2.
1079 3602 1487 3715 CeremoniaeconstcL

270 3721 457 3809 tantiam
476 3719 682 3808 Indorum.
765 3746 807 3829 3.
845 3713 1066 3805 Fundetur
1087 3715 1332 3824 ColanicS.
1355 3720 1406 3808 P.
1430 3718 1487 3809 N.

270 3835 435 3952 Ignatii,
1049 3855 1064 3874 ·’

327 3987 437 4062 onos
451 3986 1139 4088 mejorloogiesuitiovidia&irafurerrtis
1161 3988 1265 4065 hostis
1283 3989 1401 4089 stygii,
1427 3996 1485 4092 qui
1543 4044 1557 4074 .

214 4083 217 4088 ’
350 4113 393 4160 ex
406 4087 490 4161 laetis
504 4088 555 4160 his
566 4091 671 4161 initiis
680 4087 889 4178 conjectabat
899 4083 955 4160 sua
964 4111 1041 4161 curn
1060 4110 1212 4184 tempore
1234 4089 1378 4173 damna,
1404 4115 1485 4186 pro.

350 4183 456 4285 gressu
476 4210 597 4284 nempe
614 4183 689 4260 fidei
705 4183 959 4283 proscribendus
974 4183 993 4257 ὲ
1011 4185 1141 4262 ditione
1158 4183 1223 4259 sus.
1273 4190 1376 4260 Totis
1393 4189 1480 4265 aded

211 4284 580 4368 viribusobnitebatur‚
606 4281 1039 4359 evulsurusmaturdradices
1060 4287 1207 4383 primas,
1232 4307 1409 4382 antequam
1430 4285 1481 4360 ia.

210 4387 276 4458 titis
296 4365 361 4455 sese
371 4379 607 4457 diffunderent.
655 4391 764 4481 Perop
792 4383 900 4455 ortnui
918 4381 995 4455 huic
1020 4387 1213 4457 executioni
1230 4406 1324 4456 erant
1346 4381 1481 4481 quidam

210 4478 403 4575 oportere,
427 4477 711 4556 vaiidumdiaboli
725 4407 988 4554 insrumenmn.
1038 4485 1088 4555 Ut
1103 4477 1480 4558 eniminfideideserto.

208 4579 297 4651 ribus
320 4572 509 4672 perversitas
527 4581 603 4652 ritae
616 4578 722 4653 multo
731 4579 874 4653 deterior
896 4577 960 4660 est,
987 4580 1086 4674 quim
1101 4605 1234 4663 eorum,
1258 4584 1315 4677 qui
1333 4582 1477 4656 necdum

208 4673 413 4751 8.Fidesunt
424 4671 561 4748 imbuti:
588 4679 634 4749 ita
653 4676 688 4749 bi
704 4673 870 4771 Apostctae
888 4699 1019 4748 motum
1041 4685 1201 4774 pravitate
1217 4699 1344 4750 ceteros
1357 4702 1477 4755 omnes

207 4775 305 4850 iscire
318 4769 592 4868 soleotsuperare.
644 4776 807 4869 Praecipui
825 4775 911 4845 inter
931 4772 993 4845 hoe
1008 4776 1159 4849 maximi
1178 4797 1270 4850 erant
1295 4773 1362 4847 duo
1375 4780 1475 4853 Caci.

207 4877 302 4965 quii,
329 4871 486 4946 Urbanus
509 4874 675 4952 Garnita,
700 4877 866 4948 &Petrus
883 4871 927 4943 de
947 4876 981 4946 S.
1003 4877 1042 4943 M
1057 4899 1077 4941 r
1091 4893 1113 4941 n
1127 4895 1184 4948 rr.
1234 4873 1282 4945 Hi
1304 4878 1475 4970 aegerrime

206 4967 377 5053 fetebant,
401 4969 460 5043 ibi‘:
475 4968 629 5043 lotorum
652 4968 879 5045 Christianum
900 4995 1025 5042 nornen
1046 4970 1265 5054 crebrescere,
1291 4996 1358 5066 quo
1376 4981 1475 5069 patio

205 5065 262 5142 vei
284 5090 480 5164 cogerentur
498 5065 580 5143 loco
598 5071 737 5156 cedere,
762 5067 814 5142 tel
835 5066 890 5141 sua
910 5065 1036 5169 flagitia
1055 5069 1212 5148 descrere.
1261 5077 1475 5169 Quapropter

791 5173 866 5263 B3
1025 5218 1027 5222 -
1361 5169 1424 5260 qui
