3575 6725
698 1508 992 1658 Quarta.
1146 1623 1155 1631 ,
1353 1545 1437 1633 ¹¹9

216 1638 426 1748 affin·
441 1672 582 1771 propiite
601 1669 761 1744 accedere
778 1694 981 1756 cernerent,
1016 1692 1102 1744 unut
1116 1668 1160 1741 de
1184 1669 1313 1743 duobus
1334 1669 1491 1769 sagittam

214 1768 323 1846 emifit
337 1773 450 1846 venite
458 1770 596 1844 statuam
607 1769 756 1865 Virginis
767 1770 897 1848 Matris.
944 1765 1059 1845 Nostri
1080 1766 1149 1841 hoc
1168 1765 1258 1841 fauo
1279 1767 1366 1842 nihil
1380 1775 1491 1856 moti,

214 1866 521 1970 solimrogabant,
546 1866 892 1963 utatmtseponercnt.
940 1869 1053 1942 Potuit
1065 1863 1142 1940 sane
1153 1863 1226 1939 haec
1236 1890 1328 1940 tanta
1338 1869 1494 1943 mansue·

216 1968 304 2044 tudo
314 1966 477 2044 miraculo
488 1965 744 2065 equipararivel
758 1970 796 2040 in
806 1970 910 2050 vitiu,
932 1965 1039 2042 solida
1050 1966 1170 2040 virtute
1181 1961 1340 2049 firmarit,
1369 1964 1495 2041 nedum

213 2071 255 2145 in
267 2064 482 2166 Neophytir,
506 2062 791 2162 nupcharbatie,
814 2067 850 2140 in
858 2088 1000 2166 quorum
1011 2063 1114 2140 corde
1122 2061 1324 2162 magiaolim
1332 2063 1496 2164 regnabat

214 2167 423 2241 vindiuaeeu
449 2163 566 2249 itiitae,
592 2164 694 2261 quint
716 2161 790 2262 ipsa
804 2169 928 2242 anima.
981 2167 1141 2239 foeminae
1158 2166 1293 2240 interim
1307 2162 1498 2240 laboranti.

216 2262 280 2340 bue
288 2268 324 2339 in
332 2288 414 2362 agm
422 2188 490 2338 got
502 2266 658 2338 nuntium
669 2261 814 2336 tulerunt
824 2310 836 2348 ,
861 2268 921 2360 qui
932 2261 1028 2340 illico
1046 2262 1089 2336 ad
1106 2283 1232 2360 pagum
1249 2268 1496 2361 properarunt,

214 2362 554 2437 advenatmaiiatuti.
605 2359 1046 2458 Conspicatiautemeerum
1060 2361 1222 2451 majorem
1234 2383 1428 2446 numemm,
1455 2369 1497 2440 ot

212 2463 281 2558 iarn
294 2459 440 2535 aiiitsuo
449 2458 576 2535 damno
594 2461 746 2556 experti,
769 2481 892 2556 quanta
913 2457 1108 2533 fortitudine
1119 2453 1275 2554 Chiquiti
1291 2457 1496 2556 prostarent,

212 2554 519 2636 finuutaamieitia
538 2560 698 2631 invitator
711 2556 824 2632 mense
839 2556 1088 2641 adhibuerunt,
1111 2554 1149 2630 id
1169 2557 1258 2654 quod
1273 2555 1383 2654 magio
1403 2561 1495 2634 nuti·

212 2656 298 2743 but,
332 2659 433 2755 quim
452 2654 565 2730 verbit
581 2654 787 2741 innuebant,
816 2659 897 2732 cium
914 2656 1043 2755 linguae
1062 2655 1231 2754 urticisque
1247 2654 1371 2756 populi
1392 2654 1495 2734 cuent

125 2748 135 2761 ⁸
210 2753 363 2833 diversae.
412 2753 700 2852 raulopustadest
710 2758 916 2853 Caciquiua,
939 2751 1405 2852 sevocanaaliquoasuorunt,
1420 2761 1495 2855 qui.

212 2848 277 2932 bu·
297 2852 435 2929 mandat
457 2899 469 2937 ,
504 2852 693 2928 nostromm
712 2878 750 2928 ut
765 2880 858 2930 arma
881 2851 1021 2953 sepofita
1037 2851 1247 2950 colligerent.
1300 2860 1342 2927 in
1366 2856 1496 2931 maium

211 2977 316 3031 omen
327 2951 481 3048 Chiquiti
499 2949 567 3025 hoc
578 2974 791 3048 acceperunt.
839 2960 925 3026 Dux
944 2977 1026 3050 ergo
1043 2952 1186 3044 eorum(
1194 2954 1249 3047 qui
1264 2974 1302 3025 ut
1319 2954 1494 3050 quondam

212 3076 293 3128 ante
304 3049 379 3125 fidei
394 3074 481 3125 verae
491 3051 702 3148 agnitionem
711 3074 774 3149 par
781 3050 896 3151 tigridi
903 3073 977 3124 erat
984 3045 1131 3124 efferatae
1142 3094 1155 3131 ,
1167 3053 1214 3122 ita
1222 3049 1329 3125 modo
1340 3048 1419 3131 fidei
1434 3078 1495 3127 ze·

211 3146 753 3249 iomtximoaccendcbatur)im
779 3148 1059 3243 erterrituajubet,
1083 3144 1341 3234 utamtasua,&
1358 3147 1495 3228 suorum

207 3246 617 3349 memniinquetennn,
641 3173 895 3349 finningen·
913 3246 1091 3323 mansuetio
1114 3246 1224 3323 verbio
1237 3247 1373 3325 barbara
1388 3251 1494 3326 corda

211 3349 350 3429 Christo
365 3349 561 3427 conciliare.
610 3347 847 3450 Arnihilegit.
896 3343 1492 3428 Nambatbarifimulacexatmatoe

208 3450 326 3526 videre
349 3449 584 3530 Christianoe,
608 3471 693 3521 mox
708 3447 789 3521 illoc
809 3448 947 3546 aggreffi
967 3493 979 3531 ,
1004 3449 1049 3522 ad
1075 3470 1180 3520 unum
1200 3473 1320 3523 omnee
1338 3454 1494 3547 exceptio

208 3551 327 3648 paucio
348 3588 361 3627 ,
385 3548 445 3641 qui
465 3538 624 3617 foisantm
643 3547 740 3640 aquit
760 3541 796 3618 se
810 3543 1076 3625 commiserunt,
1098 3544 1309 3620 occiderunt.
1360 3554 1492 3637 Quam·

209 3637 432 3745 quamuipfi
439 3638 577 3740 profugi
589 3663 660 3714 non
672 3638 978 3739 evasemntabrque
986 3638 1146 3722 vulnere.
1172 3647 1210 3717 δι
1228 3641 1285 3715 diu
1307 3642 1382 3740 post
1403 3646 1494 3719 cica-

211 3748 336 3827 trices,
360 3739 410 3816 sui
421 3737 488 3814 zeii
499 3741 616 3823 testea,
639 3738 942 3828 circumtulerunt,
963 3738 1148 3817 eduorum
1167 3738 1493 3844 stimulumprofua·

208 3836 662 3939 dendiemnemsanguinem
679 3862 743 3935 pto
755 3837 907 3915 Christo.

286 3929 1169 4037 Unutexhiegrauiterstuciuasenfitacuminejamli
1186 3936 1376 4018 suauiscera
1397 3938 1492 4020 fuiss'e
1528 3941 1566 4036 32

212 4037 313 4122 insa,
336 4040 391 4135 qui
406 4034 635 4132 ptoinaiienie
643 4033 1089 4111 manibueinsuamdomuuu
1104 4061 1289 4139 reportante
1307 4041 1368 4117 eii.
1417 4046 1490 4120 Diu

208 4137 266 4217 ibi
278 4136 367 4210 noo
376 4131 602 4216 decumbena,
625 4135 673 4207 ita
683 4131 830 4216 defecit,
852 4131 1491 4230 utexitaustiapenitueviriburomnem

206 4234 356 4315 finitatis
364 4233 458 4332 spem
467 4236 644 4307 amitteret.
693 4226 921 4332 Vtfitamergo
930 4230 1165 4319 Paternoster,
1190 4258 1229 4309 ut
1247 4239 1421 4312 aeternitati
1439 4262 1489 4312 ε.

288 4327 1080 4534 ·nt?’¹’f:t‘2‘:.:,’s3¹i;i;¹¹sst:¹³‘i:;;,giiii
1099 4333 1491 4535 ‘ijigiuiiuii

192 4499 198 4510 t
371 4487 381 4506 ο
763 4478 776 4516 2
1073 4477 1086 4518 θ
1473 4478 1492 4504 ⁴

234 4555 354 4610 nomm
365 4529 585 4606 Batbatormn
593 4535 723 4606 animat
732 4531 776 4606 ad
784 4557 872 4606 verae
881 4530 960 4607 fidei
967 4533 1491 4632 gratiamcdduceremerereture

243 4655 246 4660 ·
278 4622 456 4730 mploscil.
477 4627 525 4705 sui
543 4633 746 4714 Servatorit,
769 4634 827 4728 qui
853 4629 965 4708 hoster
979 4630 1052 4705 suot
1072 4637 1293 4711 aetemoPatri
1311 4660 1377 4732 pro
1391 4637 1489 4710 venio

208 4659 457 4816 :innuendam
475 4771 489 4813 ,
522 4722 631 4802 illam
648 4728 786 4817 injuriae
802 4723 936 4801 infinito
953 4749 1068 4802 amore
1083 4730 1287 4807 uindicisset.
1339 4732 1491 4810 Audiena

211 4817 392 4933 itnaeger
400 4828 533 4904 summo
542 4847 621 4898 cum
630 4819 770 4908 solatio,
792 4826 894 4899 etiam
907 4824 1215 4922 lacrynittestatut
1230 4828 1297 4917 est,
1322 4828 1356 4905 se
1374 4836 1489 4910 omni·

207 4925 520 5030 rioipmosceresuia
531 4925 698 5000 inimicit:
722 4926 806 5023 quin
818 4937 901 5005 Duo
919 4923 1046 5001 obtulit
1062 4923 1155 5002 suam
1172 4930 1275 5004 vitam
1291 4934 1327 5006 in
1347 4930 1487 5010 salutem
1575 5004 1590 5026 ,

209 5031 346 5110 suorum
359 5024 512 5118 'huiiium
531 5024 780 5123 sempitemam.
829 5029 895 5103 Hie
913 5024 1082 5123 praemiffir
1100 5027 1223 5105 ultimo
1242 5032 1488 5133 sumysteno-

208 5159 288 5214 mm
302 5123 445 5205 subfidio
456 5126 648 5209 instruam,
673 5122 1022 5224 exspectabatabitum
1032 5130 1067 5202 in
1084 5127 1224 5205 domun
1235 5131 1341 5209 felicio
1354 5133 1488 5205 aeterni·

211 5239 307 5338 petit.
353 5222 1220 5328 Postmdiequerebacpatetexiofimicuratote,
1242 5227 1489 5330 quisthaberet

1349 5347 1441 5427 38⁸⁵.
