3575 6725
724 1508 1004 1629 Paraqmriae.
1375 1540 1450 1617 123

232 1674 407 1750 innocenti
420 1633 1512 1759 fervonsuor-elr-fitanffomnefflssffsffimffi
1616 1629 1660 1732 ῑῗ

233 1778 314 1848 Dso
330 1768 510 1870 querebat.
559 1762 625 1836 Sub
635 1762 725 1835 idem
750 1786 882 1858 tempus
901 1764 1040 1834 vixdum
1066 1762 1281 1844 inaudierat,
1308 1769 1345 1835 P.
1359 1758 1507 1833 Christo·
1617 1790 1634 1845 ⁴,

233 1872 379 1973 pirorum
394 1870 436 1942 dt
448 1860 618 1960 Gryalva,
642 1862 738 1955 hujus
750 1867 972 1959 Paraqoaricae
985 1866 1172 1937 Provinciae
1187 1869 1458 1941 Procuratorem,
1470 1864 1507 1932 in
1612 1859 1631 1948 ‘f

231 1969 431 2067 Hispaniam
441 1956 630 2042 advenilse,
646 1960 881 2061 -Evangelicos
891 1963 1118 2058 Operatiosin
1128 1966 1260 2047 vineam
1270 1962 1413 2034 Domini
1437 1956 1509 2030 rol·
1625 1961 1632 2001 ³

230 2070 414 2150 lellnrom,
440 2064 518 2135 cirm
528 2056 635 2135 subird
644 2058 762 2135 exarsrt
770 2059 1021 2135 vehementibus
1039 2059 1203 2137 desideriis
1218 2059 1251 2134 se
1268 2057 1418 2135 sociandi
1437 2081 1509 2131 tam

231 2168 504 2243 beataecatervae.
555 2161 684 2235 Eofine
695 2166 927 2259 variapietaris
939 2184 1040 2256 opera
1051 2158 1109 2235 libi
1118 2156 1313 2259 proposuit,
1341 2158 1507 2233 urcoelum

231 2269 268 2342 in
283 2259 597 2341 votasoarralreret,
625 2260 693 2356 qud
707 2259 1056 2358 &ipl‘eeligereturad
1076 2261 1332 2359 propagandam
1354 2266 1390 2334 in
1414 2284 1508 2332 noro

233 2362 328 2437 Orbe
344 2367 377 2435 D
392 2384 436 2433 rr
454 2358 620 2455 gloriam,
648 2364 686 2434 δι
705 2383 754 2432 rot
779 2357 929 2431 millibut
950 2381 1113 2430 caecarum
1128 2365 1278 2456 gentium
1299 2360 1508 2432 inferendtm

230 2456 646 2541 Christianaefideilueem.
695 2454 1090 2549 Qroeirtaseobrulirad
1123 2455 1434 2541 nasvismolellias,
1469 2460 1508 2533 dc

231 2560 390 2644 laborer,
415 2557 456 2632 ad
469 2561 584 2631 omnia
595 2557 697 2629 etiam
707 2553 892 2655 ipfinsvirae
902 2554 1072 2654 pericula,
1099 2481 1247 2631 dmodo
1268 2580 1441 2655 vergerent
1463 2556 1506 2631 ad

230 2666 304 2736 Dar
317 2659 486 2761 gloriam,
512 2660 549 2732 dr
570 2656 754 2730 animarum
771 2654 921 2730 salutem.
970 2651 1129 2730 Placuille
1152 2656 1275 2753 superis
1291 2657 1356 2728 hoc
1381 2654 1507 2728 deside·

158 2822 161 2829 .
230 2762 317 2835 riom
327 2807 337 2843 ,
365 2780 502 2830 eventus
514 2754 644 2829 docuit.
691 2753 1506 2854 Superioresenimdesolidaadolel‘cenrisvirtute

232 2863 314 2932 terti
325 2907 337 2940 ,
364 2856 522 2932 idoneum
534 2852 887 2929 illumcenl'nernntad
901 2857 1027 2950 egregii
1040 2856 1120 2953 quid
1135 2855 1360 2953 praestandum
1377 2881 1441 2953 pro
1452 2856 1506 2931 di-

231 2962 314 3033 tino
330 2954 484 3040 honore,
508 2948 701 3052 atqueaded
714 2957 785 3029 toti
797 2954 1012 3030 damnarunt.

631 3150 769 3263 Cro.
805 3148 893 3261 XI.
965 3155 1011 3292 ᾧ.
1054 3194 1095 3261 a.

232 3352 271 3418 1.
304 3326 405 3419 Vela
406 3326 522 3445 facit
531 3355 548 3416 .·
575 3322 1187 3443 exstenditinportuboniai'rir
1200 3361 1217 3421 .·
1244 3331 1401 3432 altiora
1419 3331 1511 3442 ejus

343 3441 510 3568 studia:
533 3435 1039 3556 strperbiasprritusipstrm
1053 3464 1216 3546 vexat,
1245 3452 1298 3560 ὅ
1315 3453 1374 3535 im
1396 3450 1484 3532 edit
1492 3476 1509 3533 .·

326 3558 607 3680 fitSacerdos.
662 3583 703 3643 a.
733 3557 864 3642 Initia
862 3559 1058 3670 facitMr'
1088 3565 1310 3673 ronisapud
1327 3467 1510 3679 odilae.-

338 3686 404 3764 tos
422 3667 614 3787 Pampas.
670 3702 713 3783 3.
746 3671 1010 3788 Chr'rr'quanr's
1052 3680 1236 3764 sennium
1243 3669 1412 3879 frCrrssrrl
1426 3685 1508 3762 im-

333 3791 511 3907 pendit,
533 3781 656 3911 puffis
671 3792 843 3876 tandem
862 3783 1067 3880 Patribus
1090 3821 1182 3879 cunt
1201 3795 1252 3882 P.
1301 3794 1505 3882 avallere.

337 3936 380 4036 ,ᾗ
411 3906 693 4107 Defertbttrrrd
702 3903 925 4022 Chr'qur'tos.
954 3906 1062 4021 Ejus
1079 3914 1223 4023 zelos,
1243 3916 1295 4026 ὅ
1302 3910 1478 4029 fatalitas
1491 3940 1509 3999 .·

342 4033 445 4110 rtem
465 4050 556 4109 mor
583 4050 611 4111 r.

212 4253 225 4266 ·
275 4228 460 4300 Gitoreum
475 4233 532 4302 60.
544 4225 618 4302 aliia
632 4225 790 4300 Sociisad
802 4224 997 4304 Gadetvelr
1008 4229 1107 4316 feeit,
1127 4232 1365 4310 &miserrimo
1376 4237 1506 4320 itinere,
1566 4254 1581 4333 ,·

298 4322 438 4423 [υὺιςυο
451 4328 866 4430 nollrotrrmoeloporrrrm
877 4335 1069 4408 aeternitatis
1082 4334 1370 4433 antlarrigerunt,
1394 4338 1430 4409 in
1450 4360 1507 4409 ee-

210 4449 219 4466 ·
271 4424 508 4500 'lebetrimum
519 4426 613 4522 liujus
625 4431 811 4501 Provincia*
823 4451 958 4524 portum
972 4437 1056 4506 Boni
1069 4435 1374 4509 airisellinvellus.
1423 4437 1506 4508 Inde
1542 4461 1548 4500 ·.

225 4522 428 4599 Cordubam
438 4526 472 4593 in
485 4527 731 4599 Tocnmaniarn
741 4522 855 4600 millus
867 4529 909 4599 ad
920 4534 1100 4626 captandas
1109 4534 1243 4608 altiores
1253 4533 1404 4609 scientias
1412 4582 1422 4616 ,
1431 4560 1504 4606 om-

227 4619 458 4698 nicumlaude
469 4619 572 4692 studia
583 4620 734 4698 absolvit.
785 4630 871 4696 Non
887 4624 988 4698 silebo
1000 4630 1075 4714 lrie,
1102 4634 1192 4730 qnod
1212 4638 1369 4705 exanimi
1385 4630 1505 4708 dimil-

211 4719 321 4794 -lione
333 4719 375 4792 ad
388 4718 533 4793 nostram
545 4718 801 4792 aedificationem
811 4726 870 4794 uni
879 4729 1107 4802 amicorumin
1121 4758 1233 4805 aurem
1247 4733 1397 4804 credidit.
1424 4740 1504 4806 Pro-

227 4817 407 4905 binorat,
433 4816 491 4892 libi
502 4841 564 4891 nee
576 4821 611 4890 in
622 4815 1061 4916 philosophicisdil'ciplinis
1074 4874 1084 4909 ,
1111 4835 1218 4902 necin
1231 4832 1422 4905 officiorum
1442 4833 1505 4906 do-

229 4916 441 4992 mesticorum
452 4920 643 4993 dexteriore
657 4923 854 4992 executione
863 4919 967 4994 aliurn
979 4949 1092 5021 parem
1102 4925 1184 5008 elle,
1211 4926 1314 5005 utsrbi
1325 4934 1413 5006 eade
1425 4959 1504 5005 carr-

227 5020 267 5091 ea
287 5019 528 5111 eomplsterer,
556 5024 595 5094 dc
618 5021 819 5092 Orationem
838 5017 993 5119 Angeliei
1016 5031 1172 5100 Dorloris
1191 5029 1359 5116 Thomae,
1388 5032 1503 5104 liudiis
1567 5037 1576 5048 ’

205 5147 209 5152 ·
223 5113 293 5192 sois
303 5112 384 5185 aliie
398 5122 551 5206 praemirri
563 5116 713 5200 solitam,
738 5116 1109 5214 snpinlintermirrerer.
1162 5139 1204 5202 llr
1217 5135 1306 5203 enim
1318 5156 1357 5202 ex
1367 5158 1408 5201 eo
1418 5153 1503 5199 rem-

209 5237 310 5314 rpore
319 5213 506 5293 melleraie
517 5215 934 5416 illiitaestobnubiffus,
961 5231 1389 5327 utmagnlindullriaopns
1405 5226 1503 5302 suerit

261 5359 272 5384 2
884 5343 905 5396 a
1411 5325 1456 5398 ad
