3575 6725
710 1496 1006 1643 Quam.
1200 1525 1202 1530 ·
1381 1525 1546 1828 rzip
1647 1496 1652 1515 '

241 1622 707 1650 a—--a--nu—-n
882 1619 1513 1651 ...man—--u-r--u--u--q

237 1663 394 1733 amicitiae
402 1654 521 1731 nostrae
536 1660 635 1729 etiam
643 1650 719 1751 post
735 1676 825 1725 tanta
836 1679 973 1751 patratae
999 1651 1205 1727 crudelitatis
1224 1654 1402 1749 exemplu:
1428 1661 1515 1733 inte·

237 1762 299 1833 tim
313 1784 403 1830 arma
414 1757 468 1831 sus
478 1752 656 1828 Christiani
681 1751 870 1824 brnattibus
881 1777 1087 1850 nequaquam
1102 1752 1320 1829 dimitterent.
1516 1750 1524 1775 ³

229 1938 236 1953 Ι
311 1857 426 1930 Nostri
442 1854 621 1929 confestim
631 1852 923 1948 expeditiabiire‚
951 1878 1019 1927 non
1029 1854 1214 1929 retardante
1226 1856 1351 1925 viarum
1372 1850 1512 1938 labore,
1559 1887 1595 1947 2,

237 1962 377 2054 &aquae
390 1959 541 2053 penuria.
591 1956 729 2047 Quippe
740 1949 814 2024 t'slo
835 1952 903 2026 feri
925 1952 1046 2026 coelesti
1065 1980 1160 2037 rore,
1184 1979 1230 2026 ex
1247 1953 1403 2026 arborum
1423 1953 1515 2027 foliis

236 2057 402 2139 collecto,
429 2049 790 2150 fitimtestinguebant,
816 2051 977 2125 donecad
993 2051 1125 2127 fatalem
1136 2052 1345 2128 truculentiae
1365 2053 1527 2127 barbatae·

235 2180 348 2231 aream
369 2157 605 2252 pertingerent.
661 2150 710 2224 rbi
728 2173 848 2247 ptaeter
871 2151 1056 2226 occisorum
1077 2155 1214 2227 fratrum
1231 2154 1390 2226 cadauera
1404 2159 1515 2227 nerni-

240 2281 319 2328 nem
332 2278 433 2327 unum
445 2259 656 2327 invenerunt.
706 2250 1365 2353 Namhomicidaemetuprofugetantin
1384 2255 1515 2328 abditas

237 2352 347 2451 syivas
371 2401 382 2435 ,
414 2356 543 2427 animus
561 2349 700 2445 quidem
727 2373 794 2420 erat
812 2349 1011 2424 Christianis
1031 2349 1224 2449 insequendi
1243 2354 1432 2435 Barbaros,
1459 2353 1514 2425 sed
1587 2438 1592 2449 Ι

240 2448 630 2548 nnllrvnrepernarteti
644 2443 808 2520 occasioni
828 2448 922 2521 suurn
940 2448 1144 2546 proposttum
1164 2451 1373 2524 reservarunt.
1427 2458 1515 2523 Cor·

239 2552 379 2652 potibus
398 2577 480 2640 ergo
493 2548 666 2625 Caesorum
680 2549 717 2620 in
732 2546 886 2623 humeros
903 2547 1039 2625 tubum
1058 2551 1101 2624 ad
1123 2549 1214 2625 ittam
1226 2553 1516 2629 communitatem

235 2677 450 2730 reverterunt.

273 2806 286 2835 ,2
314 2754 382 2824 Hic
395 2776 509 2826 eorum
532 2747 697 2826 adventus
717 2773 830 2830 novo,
855 2748 962 2846 edque
980 2753 1154 2826 communi
1170 2751 1298 2850 gaudio
1313 2748 1515 2823 exhilaratus
1551 2776 1589 2849 3.

240 2848 306 2935 est,
334 2850 779 2927 audiraacceffrnnedurrutn
795 2856 977 2921 recentium
990 2853 1251 2925 Rednnionum.
1300 2851 1515 2923 airammum

237 2976 364 3022 nomen
380 2954 443 3027 bs.
457 2950 640 3043 ignatiode
652 2960 804 3028 Boncas,
830 2947 931 3021 altera
954 2950 995 3022 ab
1023 2955 1217 3024 intemerata
1229 2956 1462 3045 conceptione
1477 2958 1515 3021 Β.

207 3056 213 3077 “
241 3051 582 3146 Virginisestndepta.
632 3050 791 3123 Coilestae
804 3068 923 3136 autem:
936 3046 1009 3123 sunt
1025 3054 1058 3123 in
1078 3051 1149 3122 ilias
1166 3047 1364 3135 diversarum
1383 3048 1517 3145 lingua-

239 3173 313 3222 tum
326 3152 466 3245 popuii,
493 3154 577 3244 quos
589 3150 799 3246 Apostolicus
813 3155 850 3220 P.
863 3152 971 3221 Lucas
983 3150 1159 3223 Cavallero
1183 3151 1224 3221 ad
1244 3174 1354 3223 verant
1365 3151 1517 3244 Religio·

241 3273 320 3321 nem
332 3252 533 3323 traduxerat.
584 3254 734 3323 Primum
744 3251 953 3345 Superiorem
963 3254 1015 3322 bre
1029 3252 1185 3324 eoloniae
1199 3275 1398 3347 acceperunt
1409 3256 1515 3344 P.Jo-

239 3346 382 3448 sepltutn
394 3351 436 3425 de
456 3351 487 3422 ia
500 3356 630 3436 Marta,
658 3356 794 3426 Sotium
805 3349 888 3424 olim
915 3356 950 3422 P.
967 3357 1080 3428 anae.
1132 3357 1176 3424 Et
1191 3351 1270 3425 verb
1292 3349 1419 3423 summa
1436 3373 1514 3424 curn

239 3446 619 3540 edificationealiorunt
636 3447 693 3522 suo
705 3448 822 3523 officio
841 3450 923 3521 feeit
944 3447 1039 3532 saris,
1065 3446 1242 3524 indefess'ns
1260 3455 1295 3522 in
1313 3449 1449 3545 al‘pero,
1476 3457 1514 3524 dc

238 3543 376 3642 spinoso
385 3547 492 3617 adhue
508 3569 589 3642 agro
600 3544 801 3642 subigendo.
853 3555 895 3616 At
906 3551 997 3617 e'nim
1009 3550 1066 3620 Vir
1080 3547 1262 3634 Apostoliti
1276 3546 1405 3644 prorsus
1428 3546 1515 3629 zeli,

238 3641 686 3739 omnemexosusquietenr,
712 3643 766 3718 nbi
777 3645 924 3740 primunt
938 3644 1062 3716 adierat
1082 3643 1288 3717 tommiffam
1310 3642 1365 3717 fibi
1392 3668 1517 3718 novam

240 3744 452 3827 Coloniam,
479 3768 563 3815 mox
573 3767 710 3840 operam
721 3740 812 3815 suam
824 3743 1015 3840 protendit,
1041 3769 1077 3817 ut
1097 3771 1202 3815 novas
1218 3769 1356 3844 gentes,
1385 3753 1518 3843 Arupo.

240 3844 311 3927 tis,
340 3852 376 3923 δι
391 3843 656 3916 Tubacirdistas
681 3840 740 3916 srbi
757 3843 966 3927 conciliaret,
1017 3849 1094 3920 Hoc
1111 3845 1344 3917 consecuturus
1365 3844 1516 3918 currebat

238 3946 294 4019 vei
307 3945 499 4042 iniquissima
512 3942 704 4040 tempestate
715 3969 773 4040 per
782 3948 893 4017 invios
906 3951 1044 4019 trastus:
1071 3944 1245 4043 superabat
1258 3945 1441 4042 profundas
1452 3970 1516 4017 un-

238 4045 317 4120 drs:
342 4042 495 4117 tranabst
508 4040 957 4140 lutulentasaquammfossss
972 4092 982 4126 ‚
1011 4052 1047 4120 bt
1060 4071 1129 4116 non
1141 4046 1265 4140 absque
1276 4044 1383 4119 multo
1394 4045 1514 4116 sudore

236 4143 431 4220 adibatnon
442 4166 546 4236 pruca
558 4141 717 4236 pericula.
767 4141 1034 4213 indecontrttiis
1052 4144 1209 4239 malignis
1223 4145 1417 4216 humoribus
1438 4144 1517 4217 hot·

238 4243 336 4320 rendi
349 4242 642 4317 ulceristumorem
665 4239 722 4314 srbi
744 4237 882 4315 adscivit
898 4266 975 4315 cunr
995 4246 1071 4314 vitae
1091 4243 1252 4340 periculo.
1300 4247 1448 4317 Mutatio
1467 4265 1518 4314 ta·

237 4369 318 4422 men
332 4369 418 4417 autae
431 4342 654 4416 valetudinem
663 4339 850 4437 reparatio,
862 4338 1035 4439 postquam
1047 4340 1088 4416 ad
1100 4345 1390 4417 communitatem
1403 4347 1437 4415 S.
1450 4345 1518 4412 Re·

235 4443 369 4546 pha'e'lis
380 4442 411 4514 se
424 4441 606 4526 transtulit,
633 4441 690 4515 nbi
708 4466 768 4539 par
779 4467 919 4539 campus
943 4442 1091 4535 eiusdem
1113 4442 1192 4516 zelo
1216 4442 1352 4541 obtigit.
1401 4449 1515 4540 ltaque

238 4567 327 4618 mox
345 4539 387 4612 ad
410 4543 596 4610 animarum
615 4546 829 4614 venationem
852 4542 960 4613 redux
982 4560 1003 4624 ,'
1021 4542 1160 4616 multam
1179 4542 1328 4641 predam
1349 4545 1447 4624 fecit,
1476 4548 1514 4619 dc

238 4611 932 4738 christopersalutssfonoemconsecravit.
985 4642 1167 4716 Videbatur
1184 4641 1269 4714 aded
1290 4664 1411 4714 certare
1435 4666 1514 4712 cunt

239 4750 281 4818 P.
308 4747 400 4816 Luca
422 4744 455 4814 in
475 4735 630 4837 augendo
650 4742 834 4809 animatum
854 4760 1047 4831 proventu,
1075 4740 1259 4816 &suismet
1278 4745 1403 4814 meritis
1423 4736 1513 4837 apud

238 4849 364 4918 Dsun.
417 4846 534 4911 Metam
544 4836 687 4935 proinde
698 4842 855 4909 etitraras
874 4841 1040 4932 utriusque
1067 4843 1202 4911 virtutes
1222 4833 1422 4939 depingere.
1470 4845 1514 4914 Et

236 4942 284 5016 de
298 4938 487 5035 P.Joi‘epho
507 4936 643 5036 quidem
666 4936 800 5010 dicendi
824 4932 955 5009 occafio
973 4937 1053 5010 alibi
1077 4936 1109 5009 se
1133 4934 1268 5013 offeret:
1296 4967 1384 5013 nnnc
1400 4966 1514 5015 tutent
1610 4931 1613 4936 ’

238 5039 471 5117 memorabilis
481 5040 522 5112 de
533 5047 569 5112 P.
583 5042 674 5110 Luca
689 5036 903 5112 describenda
914 5037 1018 5119 duxi,
1046 5037 1265 5137 claudimque
1276 5068 1353 5114 cunt
1375 5042 1514 5138 piiffimt

235 5141 386 5240 ejusdem
397 5163 524 5227 morte,
549 5164 650 5240 qnam
662 5146 763 5215 Anno
779 5165 838 5230 17¹
856 5165 886 5210 t.
914 5140 1006 5214 Fidei
1016 5137 1204 5217 caustobitt
1215 5142 1415 5218 violentum.

857 5269 940 5409 Q
1322 5274 1444 5379 cn·
