3575 6725
739 1502 1019 1619 Paraqmrn.
1359 1614 1361 1619 Ι
1404 1535 1452 1609 51

887 1622 1372 1649 ——..-*-b
1385 1631 1504 1650 uua-‹-

224 1618 886 1651 *t--n-——u—-n-

247 1654 452 1731 estaremfibi
466 1656 679 1731 maturandue
690 1655 866 1729 videretur.
918 1666 974 1728 Ne
986 1677 1096 1728 tamen
1111 1653 1230 1726 rediret
1238 1682 1313 1727 cum
1325 1656 1387 1728 suis
1404 1704 1413 1735 ‚
1431 1684 1505 1751 per.

278 1754 315 1830 srt
325 1782 480 1855 acceptus
491 1760 646 1835 nuntius,
672 1752 987 1850 quddpauidanrd,
1014 1750 1252 1849 n‘ecprocuieo
1270 1754 1351 1823 loro
1371 1780 1502 1827 armen-

221 1878 333 1931 rorum
341 1880 426 1953 grex
440 1864 476 1931 δι
489 1880 562 1925 non
583 1852 730 1949 equitum
742 1897 755 1935 ,
781 1878 826 1923 ex
840 1876 1024 1925 memorata
1043 1852 1235 1927 reductione
1257 1850 1409 1930 abinus,
1436 1853 1499 1925 hic

219 1952 392 2027 transient.
446 1959 537 2025 Dum
548 1952 619 2023 haec
629 1948 735 2033 fiunt,
761 1950 862 2025 nostri
882 1950 1008 2025 militer
1030 1955 1091 2025 irer
1116 1948 1207 2023 suum
1226 1956 1498 2049 praecipirirnnt,

218 2075 256 2127 nr
269 2050 509 2125 eodemadhuc
528 2052 581 2123 die
602 2047 729 2122 hostem
750 2049 1001 2147 aii'equerenrur.
1053 2050 1175 2123 incidit
1194 2051 1352 2145 postridie
1375 2046 1496 2121 festum

218 2153 433 2241 &Laurentii
442 2196 453 2231 ,
479 2152 625 2239 primarii
637 2150 836 2222 toriuailiiur
847 2153 1033 2223 Provinriae
1050 2154 1184 2221 Patroni
1195 2197 1206 2232 ,
1216 2148 1273 2221 sub
1287 2156 1379 2239 cuiue
1395 2143 1495 2244 ipiins

216 2244 371 2344 praefidio
381 2251 527 2320 unanimi
538 2246 816 2319 consrirdhostem
838 2246 972 2319 summo
992 2245 1091 2319 mane
1111 2250 1249 2343 aggredi
1269 2249 1495 2322 decreverunt.

217 2348 430 2441 thuoniarn
442 2346 602 2417 credibile
614 2370 682 2415 urat
695 2390 706 2425 ,
734 2370 810 2417 cum
830 2344 923 2417 hoste
951 2370 1017 2417 ram
1040 2351 1222 2418 exercitato
1240 2372 1310 2417 non
1336 2351 1491 2419 incruen-

218 2468 332 2517 entam
347 2444 419 2515 fore
439 2448 594 2538 utrinqne
614 2466 766 2538 pugnam
779 2490 790 2526 ,
816 2447 932 2536 potior
957 2466 1031 2539 pars
1053 2440 1197 2514 militum
1217 2448 1322 2515 nostis
1346 2448 1492 2539 quierem

217 2548 404 2641 animarum
418 2539 544 2613 suarum
558 2566 644 2611 curae
664 2538 877 2636 posthabuit,
903 2545 1028 2614 inrenra
1050 2565 1172 2635 nempe
1186 2544 1400 2615 conciliando
1413 2548 1493 2614 Duo

217 2640 753 2738 perexpirrionemconscienrioe.
802 2646 846 2712 Et
868 2640 946 2713 huic
957 2640 1089 2738 quidem
1109 2636 1221 2712 fanno
1238 2642 1345 2715 labori
1362 2638 1493 2713 sexpi-

217 2762 304 2814 trum
314 2736 499 2811 nostrorum
507 2739 704 2834 poriffrmam
713 2742 818 2812 nonis
832 2764 960 2827 partem
975 2738 1223 2835 impenderunt.

247 2826 260 2855 ⁹
287 2840 506 2933 Subprimam
518 2844 617 2935 igitur
627 2838 890 2912 auroramuostri
903 2839 946 2911 ad
958 2838 1153 2911 coruinum
1173 2837 1344 2933 expediri,
1370 2839 1406 2910 in
1427 2834 1490 2908 ho·
1555 2897 1568 2926 ,

216 2930 298 3008 stem
309 2960 497 3009 moverunt.
549 2940 591 3010 Er
604 2942 684 3008 vero
694 2935 754 3008 sub
765 2934 873 3033 ipsum
889 2936 993 3034 praelii
1004 2937 1181 3009 exordium
1192 2937 1280 3009 nitor
1296 2942 1390 3007 Drur
1400 2934 1490 3031 ipsos

216 3030 559 3130 hostiumprimipiioe
582 3036 772 3109 admonitas
793 3038 896 3107 traxit
911 3060 1049 3132 poenas,
1074 3034 1147 3130 pust
1171 3059 1222 3107 rot
1240 3031 1425 3114 maleficia,
1452 3040 1490 3108 δι

216 3132 359 3216 damna,
386 3130 838 3230 nmquarienfipornumnm
855 3138 1041 3209 Provinciae
1057 3133 1160 3208 illata.
1211 3139 1377 3206 Omnium
1396 3135 1488 3205 enirn

215 3235 317 3327 primi
345 3230 380 3304 hi
414 3232 578 3305 malorum
612 3236 783 3330 coryphaei
812 3234 1021 3332 condignam
1053 3238 1169 3306 mortis
1184 3256 1321 3331 poenam
1340 3231 1486 3303 luerunt.

216 3332 304 3404 Laur
324 3332 401 3404 fasti
422 3332 520 3424 hujus
537 3332 582 3405 est
600 3333 730 3430 aliquot
742 3332 973 3430 Hispanorum
990 3330 1160 3417 militum,
1185 3337 1241 3430 qui
1252 3336 1370 3406 Socios
1391 3353 1486 3403 ante·

214 3429 327 3600 dnm,
349 3429 775 3516 imminebanroccaiioni,
797 3457 865 3529 qua
884 3433 938 3504 vel
968 3431 1169 3508 inobservari
1191 3432 1320 3505 duobus
1341 3429 1486 3504 hostium

240 3526 406 3600 udonibus
418 3532 589 3601 inreritum
600 3529 739 3616 ferrern.
789 3531 852 3602 Sed
893 3529 1005 3602 rodiro
1025 3554 1084 3623 per
1093 3531 1214 3601 indum
1239 3529 1359 3602 horum
1381 3521 1489 3598 confi-

212 3623 285 3707 lio,
310 3625 590 3796 unurdfregariir
611 3624 851 3697 Mamalutisa
896 3650 986 3696 arma
1005 3625 1251 3706 conclamavit,
1282 3631 1319 3698 δι
1337 3623 1402 3694 und
1425 3621 1488 3693 ali·

214 3747 316 3822 qnem
335 3723 353 3794 ὲ
371 3733 429 3796 noi
448 3731 491 3798 ria
512 3719 680 3798 emiffnriia
694 3723 819 3821 glande
837 3726 961 3796 intorta
979 3721 1102 3798 stravit.
1152 3727 1228 3795 Hac
1242 3722 1489 3795 commilitonis

213 3823 305 3896 eaede
317 3821 460 3920 Hispani
481 3822 587 3920 magis
607 3825 725 3896 irritari
746 3821 821 3896 sunt
841 3822 883 3894 ad
903 3822 1113 3904 vindictam,
1138 3845 1207 3918 pree
1231 3825 1347 3916 primis
1362 3826 1404 3894 D.
1416 3825 1488 3891 An·

213 3917 306 3994 druaa
327 3921 459 3994 Florian
483 3969 494 4003 ,
520 3921 630 4018 quim
648 3921 820 4006 Nobilis,
859 3922 1169 4020 tamssmagnanimus
1185 3921 1365 4018 Hispanus.
1416 3923 1486 3992 Hic

179 4061 184 4072 ·
212 4023 441 4112 Herorprimo
452 4015 564 4092 finulae
572 4017 722 4115 igniferae
733 4018 842 4116 giobo
859 4022 1055 4120 primarium
1073 4019 1215 4095 hostium
1229 4027 1361 4093 Ducem
1376 4023 1485 4092 Anto·

212 4120 451 4190 uiumFerraez
462 4117 505 4190 de
521 4120 665 4207 Auianio
678 4121 877 4213 prostravit,
902 4125 982 4213 quin
993 4120 1102 4192 strido
1119 4119 1197 4202 dein
1218 4119 1332 4216 gladio
1345 4116 1484 4190 alterum

213 4217 349 4314 quoque
363 4215 504 4290 hostium
515 4239 617 4312 caput
628 4216 883 4289 Emmanuelem
894 4220 935 4290 de
948 4214 1222 4316 Friarpercuffum
1241 4216 1484 4312 soloexporre·

211 4321 273 4390 xir.
325 4315 794 4390 MamaluciDueibusamissie
809 4315 866 4388 ubi
889 4313 1050 4390 desertam
1067 4316 1156 4387 suam
1176 4319 1283 4389 ariam
1303 4314 1483 4395 viderunr,

212 4413 353 4488 confuso
363 4418 508 4510 primum
517 4415 657 4498 ordine,
683 4419 836 4513 projestir
844 4414 938 4489 subin
949 4415 1097 4490 armisad
1107 4415 1234 4487 flumen
1248 4415 1481 4512 profugerunt.

212 4513 276 4586 Sed
304 4513 445 4594 contri,
466 4539 506 4586 ac
522 4511 750 4608 sperauerant,
776 4541 847 4588 non
863 4514 1001 4591 salntem
1012 4563 1023 4598 ,
1047 4514 1101 4587 sed
1121 4518 1261 4588 exitium
1278 4537 1481 4611 repererunt.

212 4615 351 4710 Qippe
362 4607 507 4707 Hispani
526 4635 604 4684 cum
617 4613 951 4708 SotiiaNeophyrr'r,
977 4609 1418 4711 conspedioDrrmanifessd
1434 4608 1483 4683 as·

211 4707 346 4786 fidentis
357 4709 487 4784 auxilio
498 4709 680 4798 majoribus
689 4715 756 4798 jam
767 4715 888 4783 animis
898 4734 1048 4808 pugnam
1058 4709 1247 4805 prosecuti,
1273 4711 1337 4808 qu‘a
1358 4707 1482 4804 expio·

210 4805 890 4908 flaglandibnrquijastirsagirrirtantam
903 4807 1077 4882 ediderunt
1089 4807 1250 4906 stragem,
1276 4835 1311 4883 ur
1323 4833 1365 4880 err
1377 4805 1482 4881 hosti·

208 4905 271 4982 bne
280 4909 418 4983 nonnisi
431 4909 488 4982 sex
495 4905 627 5002 superni
635 4929 833 4980 reemortem
841 4904 1005 4982 evaserint
1021 4954 1033 4989 ,
1057 4906 1311 5005 exqrribusipfis
1326 4934 1389 4982 tres
1400 4933 1480 5004 crp-

206 5003 331 5080 risunr.
381 5009 727 5104 internostroeaurem
739 5011 836 5105 pauci
850 5006 1037 5092 vulnerati,
1063 5011 1279 5082 odorantium
1302 5015 1336 5086 in
1356 5008 1482 5081 condi·

206 5111 260 5176 au
273 5099 455 5183 defiderari.
502 5111 791 5203 Hujurpugnae&
803 5109 1035 5204 vinonaepan
1046 5113 1146 5182 etiam
1160 5107 1269 5208 aliqua
1284 5111 1348 5182 fuir
1360 5107 1478 5180 nostris

206 5203 439 5295 Midiunariin
463 5229 500 5284 ut
521 5209 580 5306 qui
599 5205 749 5308 effigiem
758 5203 1051 5380 Chrgdcrurifirri
1067 5207 1183 5286 nostrie
1197 5205 1427 5378 pugnanftxibut
1441 5205 1479 5274 iu

887 5329 908 5380 a
1367 5325 1431 5374 on·
